%YAML 1.1
%TAG !u! tag:unity3d.com,2011:
--- !u!1 &208106958977642622
GameObject:
  m_ObjectHideFlags: 0
  m_CorrespondingSourceObject: {fileID: 0}
  m_PrefabInstance: {fileID: 0}
  m_PrefabAsset: {fileID: 0}
  serializedVersion: 6
  m_Component:
  - component: {fileID: 8837367333919842722}
  m_Layer: 0
  m_Name: fish fin bones 22
  m_TagString: Untagged
  m_Icon: {fileID: 0}
  m_NavMeshLayer: 0
  m_StaticEditorFlags: 0
  m_IsActive: 1
--- !u!4 &8837367333919842722
Transform:
  m_ObjectHideFlags: 0
  m_CorrespondingSourceObject: {fileID: 0}
  m_PrefabInstance: {fileID: 0}
  m_PrefabAsset: {fileID: 0}
  m_GameObject: {fileID: 208106958977642622}
  m_LocalRotation: {x: -0.003637118, y: 0.32353392, z: 0.014358039, w: 0.94610065}
  m_LocalPosition: {x: -0.18050371, y: 0.008112683, z: 0.13166521}
  m_LocalScale: {x: 1.0000004, y: 1.0000004, z: 1.0000001}
  m_Children:
  - {fileID: 7237031391714875146}
  m_Father: {fileID: 8415504035746271852}
  m_RootOrder: 5
  m_LocalEulerAnglesHint: {x: 0, y: 0, z: 0}
--- !u!1 &283392137867908754
GameObject:
  m_ObjectHideFlags: 0
  m_CorrespondingSourceObject: {fileID: 0}
  m_PrefabInstance: {fileID: 0}
  m_PrefabAsset: {fileID: 0}
  serializedVersion: 6
  m_Component:
  - component: {fileID: 6919365763875823812}
  m_Layer: 0
  m_Name: fish fin bones 20
  m_TagString: Untagged
  m_Icon: {fileID: 0}
  m_NavMeshLayer: 0
  m_StaticEditorFlags: 0
  m_IsActive: 1
--- !u!4 &6919365763875823812
Transform:
  m_ObjectHideFlags: 0
  m_CorrespondingSourceObject: {fileID: 0}
  m_PrefabInstance: {fileID: 0}
  m_PrefabAsset: {fileID: 0}
  m_GameObject: {fileID: 283392137867908754}
  m_LocalRotation: {x: -0.00382046, y: -0.27758282, z: -0.0013804891, w: 0.9606931}
  m_LocalPosition: {x: -0.08101211, y: 0.0077189086, z: -0.1494742}
  m_LocalScale: {x: 1.0000004, y: 1.0000004, z: 1}
  m_Children:
  - {fileID: 1825820619653853812}
  m_Father: {fileID: 8415504035746271852}
  m_RootOrder: 3
  m_LocalEulerAnglesHint: {x: 0, y: 0, z: 0}
--- !u!1 &287589738766147854
GameObject:
  m_ObjectHideFlags: 0
  m_CorrespondingSourceObject: {fileID: 0}
  m_PrefabInstance: {fileID: 0}
  m_PrefabAsset: {fileID: 0}
  serializedVersion: 6
  m_Component:
  - component: {fileID: 8415504035746271852}
  m_Layer: 0
  m_Name: fish back bones05
  m_TagString: Untagged
  m_Icon: {fileID: 0}
  m_NavMeshLayer: 0
  m_StaticEditorFlags: 0
  m_IsActive: 1
--- !u!4 &8415504035746271852
Transform:
  m_ObjectHideFlags: 0
  m_CorrespondingSourceObject: {fileID: 0}
  m_PrefabInstance: {fileID: 0}
  m_PrefabAsset: {fileID: 0}
  m_GameObject: {fileID: 287589738766147854}
  m_LocalRotation: {x: 0.0015585814, y: -0.017747618, z: -0.051467218, w: 0.9985158}
  m_LocalPosition: {x: -0.23733917, y: 0.00000019504891, z: -7.756287e-10}
  m_LocalScale: {x: 1.0000001, y: 1.0000001, z: 1}
  m_Children:
  - {fileID: 7079992997745400713}
  - {fileID: 754802427372102587}
  - {fileID: 4137129015330706236}
  - {fileID: 6919365763875823812}
  - {fileID: 4716614665261137643}
  - {fileID: 8837367333919842722}
  - {fileID: 4549482176396459434}
  m_Father: {fileID: 4312461508001707431}
  m_RootOrder: 0
  m_LocalEulerAnglesHint: {x: 0, y: 0, z: 0}
--- !u!1 &438086293241560055
GameObject:
  m_ObjectHideFlags: 0
  m_CorrespondingSourceObject: {fileID: 0}
  m_PrefabInstance: {fileID: 0}
  m_PrefabAsset: {fileID: 0}
  serializedVersion: 6
  m_Component:
  - component: {fileID: 7237031391714875146}
  m_Layer: 0
  m_Name: fish fin bones 33
  m_TagString: Untagged
  m_Icon: {fileID: 0}
  m_NavMeshLayer: 0
  m_StaticEditorFlags: 0
  m_IsActive: 1
--- !u!4 &7237031391714875146
Transform:
  m_ObjectHideFlags: 0
  m_CorrespondingSourceObject: {fileID: 0}
  m_PrefabInstance: {fileID: 0}
  m_PrefabAsset: {fileID: 0}
  m_GameObject: {fileID: 438086293241560055}
  m_LocalRotation: {x: -0.7865334, y: 0.054085925, z: -0.043673705, w: 0.61362255}
  m_LocalPosition: {x: -0.07790842, y: 0.000004650879, z: 0.000001550293}
  m_LocalScale: {x: 1.0000001, y: 1.0000001, z: 1}
  m_Children:
  - {fileID: 1597334272411530804}
  m_Father: {fileID: 8837367333919842722}
  m_RootOrder: 0
  m_LocalEulerAnglesHint: {x: 0, y: 0, z: 0}
--- !u!1 &487087229160295565
GameObject:
  m_ObjectHideFlags: 0
  m_CorrespondingSourceObject: {fileID: 0}
  m_PrefabInstance: {fileID: 0}
  m_PrefabAsset: {fileID: 0}
  serializedVersion: 6
  m_Component:
  - component: {fileID: 5055687035183201807}
  m_Layer: 0
  m_Name: fish fin bones 14
  m_TagString: Untagged
  m_Icon: {fileID: 0}
  m_NavMeshLayer: 0
  m_StaticEditorFlags: 0
  m_IsActive: 1
--- !u!4 &5055687035183201807
Transform:
  m_ObjectHideFlags: 0
  m_CorrespondingSourceObject: {fileID: 0}
  m_PrefabInstance: {fileID: 0}
  m_PrefabAsset: {fileID: 0}
  m_GameObject: {fileID: 487087229160295565}
  m_LocalRotation: {x: -0.77681094, y: 0.11938901, z: -0.0010747166, w: 0.6183122}
  m_LocalPosition: {x: -0.100046605, y: 0.000003100586, z: 0}
  m_LocalScale: {x: 1.0000001, y: 1.0000001, z: 1}
  m_Children:
  - {fileID: 2109584758333466919}
  m_Father: {fileID: 5827634096842405142}
  m_RootOrder: 0
  m_LocalEulerAnglesHint: {x: 0, y: 0, z: 0}
--- !u!1 &573596270800234043
GameObject:
  m_ObjectHideFlags: 0
  m_CorrespondingSourceObject: {fileID: 0}
  m_PrefabInstance: {fileID: 0}
  m_PrefabAsset: {fileID: 0}
  serializedVersion: 6
  m_Component:
  - component: {fileID: 3536788142573470193}
  m_Layer: 0
  m_Name: fish fin bones 56
  m_TagString: Untagged
  m_Icon: {fileID: 0}
  m_NavMeshLayer: 0
  m_StaticEditorFlags: 0
  m_IsActive: 1
--- !u!4 &3536788142573470193
Transform:
  m_ObjectHideFlags: 0
  m_CorrespondingSourceObject: {fileID: 0}
  m_PrefabInstance: {fileID: 0}
  m_PrefabAsset: {fileID: 0}
  m_GameObject: {fileID: 573596270800234043}
  m_LocalRotation: {x: -0.77889365, y: 0.06405663, z: -0.086536, w: 0.6178454}
  m_LocalPosition: {x: -0.1201043, y: 0.000004650879, z: 0.000001550293}
  m_LocalScale: {x: 1.0000001, y: 1.0000001, z: 1}
  m_Children:
  - {fileID: 3923562426657589780}
  m_Father: {fileID: 1927776201000880513}
  m_RootOrder: 0
  m_LocalEulerAnglesHint: {x: 0, y: 0, z: 0}
--- !u!1 &692652842876383820
GameObject:
  m_ObjectHideFlags: 0
  m_CorrespondingSourceObject: {fileID: 0}
  m_PrefabInstance: {fileID: 0}
  m_PrefabAsset: {fileID: 0}
  serializedVersion: 6
  m_Component:
  - component: {fileID: 7938132610779126942}
  m_Layer: 0
  m_Name: fish back bones08
  m_TagString: Untagged
  m_Icon: {fileID: 0}
  m_NavMeshLayer: 0
  m_StaticEditorFlags: 0
  m_IsActive: 1
--- !u!4 &7938132610779126942
Transform:
  m_ObjectHideFlags: 0
  m_CorrespondingSourceObject: {fileID: 0}
  m_PrefabInstance: {fileID: 0}
  m_PrefabAsset: {fileID: 0}
  m_GameObject: {fileID: 692652842876383820}
  m_LocalRotation: {x: -0.00009594162, y: 0.0121764215, z: 0.00016558403, w: 0.99992585}
  m_LocalPosition: {x: -0.09287185, y: -0.000001550293, z: 0.0000007751465}
  m_LocalScale: {x: 1.0000001, y: 0.99999994, z: 0.99999994}
  m_Children:
  - {fileID: 5737146087561361866}
  - {fileID: 7558618071924700521}
  - {fileID: 5263808559694475926}
  - {fileID: 1400788276623166297}
  - {fileID: 2288187812858775475}
  - {fileID: 3050604109767939160}
  - {fileID: 1927776201000880513}
  - {fileID: 3264224167959595526}
  m_Father: {fileID: 8561108534324283431}
  m_RootOrder: 0
  m_LocalEulerAnglesHint: {x: 0, y: 0, z: 0}
--- !u!1 &1003892126328443292
GameObject:
  m_ObjectHideFlags: 0
  m_CorrespondingSourceObject: {fileID: 0}
  m_PrefabInstance: {fileID: 0}
  m_PrefabAsset: {fileID: 0}
  serializedVersion: 6
  m_Component:
  - component: {fileID: 3330144753524935100}
  m_Layer: 0
  m_Name: fish fin bones 31
  m_TagString: Untagged
  m_Icon: {fileID: 0}
  m_NavMeshLayer: 0
  m_StaticEditorFlags: 0
  m_IsActive: 1
--- !u!4 &3330144753524935100
Transform:
  m_ObjectHideFlags: 0
  m_CorrespondingSourceObject: {fileID: 0}
  m_PrefabInstance: {fileID: 0}
  m_PrefabAsset: {fileID: 0}
  m_GameObject: {fileID: 1003892126328443292}
  m_LocalRotation: {x: -0.77555853, y: 0.017289564, z: 0.00564554, w: 0.6310137}
  m_LocalPosition: {x: -0.05737014, y: 0, z: 0}
  m_LocalScale: {x: 1.0000001, y: 1.0000001, z: 1}
  m_Children:
  - {fileID: 7547658600991038242}
  m_Father: {fileID: 4137129015330706236}
  m_RootOrder: 0
  m_LocalEulerAnglesHint: {x: 0, y: 0, z: 0}
--- !u!1 &1094042009816253980
GameObject:
  m_ObjectHideFlags: 0
  m_CorrespondingSourceObject: {fileID: 0}
  m_PrefabInstance: {fileID: 0}
  m_PrefabAsset: {fileID: 0}
  serializedVersion: 6
  m_Component:
  - component: {fileID: 3264224167959595526}
  m_Layer: 0
  m_Name: fish fin bones 49
  m_TagString: Untagged
  m_Icon: {fileID: 0}
  m_NavMeshLayer: 0
  m_StaticEditorFlags: 0
  m_IsActive: 1
--- !u!4 &3264224167959595526
Transform:
  m_ObjectHideFlags: 0
  m_CorrespondingSourceObject: {fileID: 0}
  m_PrefabInstance: {fileID: 0}
  m_PrefabAsset: {fileID: 0}
  m_GameObject: {fileID: 1094042009816253980}
  m_LocalRotation: {x: 0.04880087, y: -0.17241235, z: 0.06657465, w: 0.9815601}
  m_LocalPosition: {x: 0.011286133, y: 0.008776208, z: -0.084797926}
  m_LocalScale: {x: 0.99999976, y: 1.0000002, z: 1.0000002}
  m_Children:
  - {fileID: 5512956370908930498}
  m_Father: {fileID: 7938132610779126942}
  m_RootOrder: 7
  m_LocalEulerAnglesHint: {x: 0, y: 0, z: 0}
--- !u!1 &1146731766732826509
GameObject:
  m_ObjectHideFlags: 0
  m_CorrespondingSourceObject: {fileID: 0}
  m_PrefabInstance: {fileID: 0}
  m_PrefabAsset: {fileID: 0}
  serializedVersion: 6
  m_Component:
  - component: {fileID: 7558618071924700521}
  m_Layer: 0
  m_Name: fish fin bones 43
  m_TagString: Untagged
  m_Icon: {fileID: 0}
  m_NavMeshLayer: 0
  m_StaticEditorFlags: 0
  m_IsActive: 1
--- !u!4 &7558618071924700521
Transform:
  m_ObjectHideFlags: 0
  m_CorrespondingSourceObject: {fileID: 0}
  m_PrefabInstance: {fileID: 0}
  m_PrefabAsset: {fileID: 0}
  m_GameObject: {fileID: 1146731766732826509}
  m_LocalRotation: {x: 0.089607924, y: 0.18871294, z: -0.01685814, w: 0.9777902}
  m_LocalPosition: {x: 0.03238562, y: 0.008824267, z: 0.12244369}
  m_LocalScale: {x: 0.99999976, y: 1.0000004, z: 1.0000001}
  m_Children:
  - {fileID: 2112335051194499279}
  m_Father: {fileID: 7938132610779126942}
  m_RootOrder: 1
  m_LocalEulerAnglesHint: {x: 0, y: 0, z: 0}
--- !u!1 &1159406881996280862
GameObject:
  m_ObjectHideFlags: 0
  m_CorrespondingSourceObject: {fileID: 0}
  m_PrefabInstance: {fileID: 0}
  m_PrefabAsset: {fileID: 0}
  serializedVersion: 6
  m_Component:
  - component: {fileID: 5233766686322355507}
  m_Layer: 0
  m_Name: fish fin bones 16
  m_TagString: Untagged
  m_Icon: {fileID: 0}
  m_NavMeshLayer: 0
  m_StaticEditorFlags: 0
  m_IsActive: 1
--- !u!4 &5233766686322355507
Transform:
  m_ObjectHideFlags: 0
  m_CorrespondingSourceObject: {fileID: 0}
  m_PrefabInstance: {fileID: 0}
  m_PrefabAsset: {fileID: 0}
  m_GameObject: {fileID: 1159406881996280862}
  m_LocalRotation: {x: 0.8834884, y: 0.1192729, z: 0.16927339, w: -0.42020077}
  m_LocalPosition: {x: -0.05007601, y: 0, z: 0.000001550293}
  m_LocalScale: {x: 1.0000001, y: 1.0000001, z: 1}
  m_Children:
  - {fileID: 6157615688557244470}
  m_Father: {fileID: 8870661899975204233}
  m_RootOrder: 0
  m_LocalEulerAnglesHint: {x: 0, y: 0, z: 0}
--- !u!1 &1241277888313422884
GameObject:
  m_ObjectHideFlags: 0
  m_CorrespondingSourceObject: {fileID: 0}
  m_PrefabInstance: {fileID: 0}
  m_PrefabAsset: {fileID: 0}
  serializedVersion: 6
  m_Component:
  - component: {fileID: 3050604109767939160}
  m_Layer: 0
  m_Name: fish fin bones 47
  m_TagString: Untagged
  m_Icon: {fileID: 0}
  m_NavMeshLayer: 0
  m_StaticEditorFlags: 0
  m_IsActive: 1
--- !u!4 &3050604109767939160
Transform:
  m_ObjectHideFlags: 0
  m_CorrespondingSourceObject: {fileID: 0}
  m_PrefabInstance: {fileID: 0}
  m_PrefabAsset: {fileID: 0}
  m_GameObject: {fileID: 1241277888313422884}
  m_LocalRotation: {x: -0.004246702, y: 0.08682133, z: -0.004632995, w: 0.9962041}
  m_LocalPosition: {x: -0.02466516, y: 0.008687842, z: -0.027436309}
  m_LocalScale: {x: 0.9999997, y: 1.0000002, z: 1.0000001}
  m_Children:
  - {fileID: 372980593593294224}
  m_Father: {fileID: 7938132610779126942}
  m_RootOrder: 5
  m_LocalEulerAnglesHint: {x: 0, y: 0, z: 0}
--- !u!1 &1273954131658505953
GameObject:
  m_ObjectHideFlags: 0
  m_CorrespondingSourceObject: {fileID: 0}
  m_PrefabInstance: {fileID: 0}
  m_PrefabAsset: {fileID: 0}
  serializedVersion: 6
  m_Component:
  - component: {fileID: 5827634096842405142}
  m_Layer: 0
  m_Name: fish fin bones 8
  m_TagString: Untagged
  m_Icon: {fileID: 0}
  m_NavMeshLayer: 0
  m_StaticEditorFlags: 0
  m_IsActive: 1
--- !u!4 &5827634096842405142
Transform:
  m_ObjectHideFlags: 0
  m_CorrespondingSourceObject: {fileID: 0}
  m_PrefabInstance: {fileID: 0}
  m_PrefabAsset: {fileID: 0}
  m_GameObject: {fileID: 1273954131658505953}
  m_LocalRotation: {x: -0.06850008, y: -0.23222241, z: -0.062217735, w: 0.96825075}
  m_LocalPosition: {x: -0.14840645, y: -0.0057663145, z: -0.23211868}
  m_LocalScale: {x: 1.0000002, y: 1, z: 0.99999994}
  m_Children:
  - {fileID: 5055687035183201807}
  m_Father: {fileID: 971247782037885956}
  m_RootOrder: 4
  m_LocalEulerAnglesHint: {x: 0, y: 0, z: 0}
--- !u!1 &1781116276839991258
GameObject:
  m_ObjectHideFlags: 0
  m_CorrespondingSourceObject: {fileID: 0}
  m_PrefabInstance: {fileID: 0}
  m_PrefabAsset: {fileID: 0}
  serializedVersion: 6
  m_Component:
  - component: {fileID: 3923562426657589780}
  m_Layer: 0
  m_Name: fish fin bones 63
  m_TagString: Untagged
  m_Icon: {fileID: 0}
  m_NavMeshLayer: 0
  m_StaticEditorFlags: 0
  m_IsActive: 1
--- !u!4 &3923562426657589780
Transform:
  m_ObjectHideFlags: 0
  m_CorrespondingSourceObject: {fileID: 0}
  m_PrefabInstance: {fileID: 0}
  m_PrefabAsset: {fileID: 0}
  m_GameObject: {fileID: 1781116276839991258}
  m_LocalRotation: {x: -0.025828725, y: -0.1496644, z: 0.20143217, w: 0.96765625}
  m_LocalPosition: {x: -0.03524746, y: -0.000001550293, z: 0}
  m_LocalScale: {x: 0.9999998, y: 0.99999994, z: 1}
  m_Children: []
  m_Father: {fileID: 3536788142573470193}
  m_RootOrder: 0
  m_LocalEulerAnglesHint: {x: 0, y: 0, z: 0}
--- !u!1 &1959168478624816036
GameObject:
  m_ObjectHideFlags: 0
  m_CorrespondingSourceObject: {fileID: 0}
  m_PrefabInstance: {fileID: 0}
  m_PrefabAsset: {fileID: 0}
  serializedVersion: 6
  m_Component:
  - component: {fileID: 1707953198245946753}
  m_Layer: 0
  m_Name: fish fin bones 32
  m_TagString: Untagged
  m_Icon: {fileID: 0}
  m_NavMeshLayer: 0
  m_StaticEditorFlags: 0
  m_IsActive: 1
--- !u!4 &1707953198245946753
Transform:
  m_ObjectHideFlags: 0
  m_CorrespondingSourceObject: {fileID: 0}
  m_PrefabInstance: {fileID: 0}
  m_PrefabAsset: {fileID: 0}
  m_GameObject: {fileID: 1959168478624816036}
  m_LocalRotation: {x: -0.72873235, y: -0.04158804, z: -0.07556497, w: 0.67934495}
  m_LocalPosition: {x: -0.06810747, y: 0.000004650879, z: 0.0000038757325}
  m_LocalScale: {x: 1.0000001, y: 1.0000001, z: 1}
  m_Children:
  - {fileID: 5705163033738119155}
  m_Father: {fileID: 4549482176396459434}
  m_RootOrder: 0
  m_LocalEulerAnglesHint: {x: 0, y: 0, z: 0}
--- !u!1 &2039103065460238772
GameObject:
  m_ObjectHideFlags: 0
  m_CorrespondingSourceObject: {fileID: 0}
  m_PrefabInstance: {fileID: 0}
  m_PrefabAsset: {fileID: 0}
  serializedVersion: 6
  m_Component:
  - component: {fileID: 2278578906928228671}
  m_Layer: 0
  m_Name: fish fin bones 11
  m_TagString: Untagged
  m_Icon: {fileID: 0}
  m_NavMeshLayer: 0
  m_StaticEditorFlags: 0
  m_IsActive: 1
--- !u!4 &2278578906928228671
Transform:
  m_ObjectHideFlags: 0
  m_CorrespondingSourceObject: {fileID: 0}
  m_PrefabInstance: {fileID: 0}
  m_PrefabAsset: {fileID: 0}
  m_GameObject: {fileID: 2039103065460238772}
  m_LocalRotation: {x: -0.06143406, y: -0.53386885, z: -0.3645777, w: 0.7604558}
  m_LocalPosition: {x: -0.042955518, y: -0.000004650879, z: 0}
  m_LocalScale: {x: 0.9999998, y: 0.99999994, z: 1}
  m_Children: []
  m_Father: {fileID: 3988497143169929018}
  m_RootOrder: 0
  m_LocalEulerAnglesHint: {x: 0, y: 0, z: 0}
--- !u!1 &2182424854944219635
GameObject:
  m_ObjectHideFlags: 0
  m_CorrespondingSourceObject: {fileID: 0}
  m_PrefabInstance: {fileID: 0}
  m_PrefabAsset: {fileID: 0}
  serializedVersion: 6
  m_Component:
  - component: {fileID: 8540385394441540537}
  m_Layer: 0
  m_Name: fish bone control
  m_TagString: Untagged
  m_Icon: {fileID: 0}
  m_NavMeshLayer: 0
  m_StaticEditorFlags: 0
  m_IsActive: 1
--- !u!4 &8540385394441540537
Transform:
  m_ObjectHideFlags: 0
  m_CorrespondingSourceObject: {fileID: 0}
  m_PrefabInstance: {fileID: 0}
  m_PrefabAsset: {fileID: 0}
  m_GameObject: {fileID: 2182424854944219635}
  m_LocalRotation: {x: -0.047774494, y: -0.6771463, z: 0.0129272705, w: 0.7341822}
  m_LocalPosition: {x: -0.5079132, y: 0.024037292, z: 0.38018438}
  m_LocalScale: {x: 0.37197328, y: 0.37197328, z: 0.37197328}
  m_Children:
  - {fileID: 8225177556888703819}
  - {fileID: 7656983545343132450}
  m_Father: {fileID: 8089389062000221119}
  m_RootOrder: 1
  m_LocalEulerAnglesHint: {x: 0, y: 0, z: 0}
--- !u!1 &2270853483900040168
GameObject:
  m_ObjectHideFlags: 0
  m_CorrespondingSourceObject: {fileID: 0}
  m_PrefabInstance: {fileID: 0}
  m_PrefabAsset: {fileID: 0}
  serializedVersion: 6
  m_Component:
  - component: {fileID: 7656983545343132450}
  m_Layer: 0
  m_Name: fish face bones01
  m_TagString: Untagged
  m_Icon: {fileID: 0}
  m_NavMeshLayer: 0
  m_StaticEditorFlags: 0
  m_IsActive: 1
--- !u!4 &7656983545343132450
Transform:
  m_ObjectHideFlags: 0
  m_CorrespondingSourceObject: {fileID: 0}
  m_PrefabInstance: {fileID: 0}
  m_PrefabAsset: {fileID: 0}
  m_GameObject: {fileID: 2270853483900040168}
  m_LocalRotation: {x: -0.058560215, y: 0.6659517, z: -0.06236099, w: 0.7410736}
  m_LocalPosition: {x: 0.108977064, y: 0.0055004396, z: -0.042633057}
  m_LocalScale: {x: 2.6883652, y: 2.6883655, z: 2.6883655}
  m_Children: []
  m_Father: {fileID: 8540385394441540537}
  m_RootOrder: 1
  m_LocalEulerAnglesHint: {x: 0, y: 0, z: 0}
--- !u!1 &2381516975183201133
GameObject:
  m_ObjectHideFlags: 0
  m_CorrespondingSourceObject: {fileID: 0}
  m_PrefabInstance: {fileID: 0}
  m_PrefabAsset: {fileID: 0}
  serializedVersion: 6
  m_Component:
  - component: {fileID: 7935250988885276099}
  - component: {fileID: 8840032599501655186}
  m_Layer: 0
  m_Name: fish body006
  m_TagString: Untagged
  m_Icon: {fileID: 0}
  m_NavMeshLayer: 0
  m_StaticEditorFlags: 0
  m_IsActive: 1
--- !u!4 &7935250988885276099
Transform:
  m_ObjectHideFlags: 0
  m_CorrespondingSourceObject: {fileID: 0}
  m_PrefabInstance: {fileID: 0}
  m_PrefabAsset: {fileID: 0}
  m_GameObject: {fileID: 2381516975183201133}
  m_LocalRotation: {x: -8.582525e-26, y: -1.8876986e-17, z: -0.0000000045465547, w: 1}
  m_LocalPosition: {x: 0.081539206, y: 0.022375379, z: 0.3482768}
  m_LocalScale: {x: 0.18980615, y: 0.035225138, z: 0.20241146}
  m_Children: []
  m_Father: {fileID: 8089389062000221119}
  m_RootOrder: 0
  m_LocalEulerAnglesHint: {x: 0, y: 0, z: 0}
--- !u!137 &8840032599501655186
SkinnedMeshRenderer:
  m_ObjectHideFlags: 0
  m_CorrespondingSourceObject: {fileID: 0}
  m_PrefabInstance: {fileID: 0}
  m_PrefabAsset: {fileID: 0}
  m_GameObject: {fileID: 2381516975183201133}
  m_Enabled: 1
  m_CastShadows: 1
  m_ReceiveShadows: 1
  m_DynamicOccludee: 1
  m_MotionVectors: 1
  m_LightProbeUsage: 1
  m_ReflectionProbeUsage: 1
  m_RenderingLayerMask: 1
  m_RendererPriority: 0
  m_Materials:
  - {fileID: 2100000, guid: 1000d05de9afb6a419bd9599d99300b7, type: 2}
  m_StaticBatchInfo:
    firstSubMesh: 0
    subMeshCount: 0
  m_StaticBatchRoot: {fileID: 0}
  m_ProbeAnchor: {fileID: 0}
  m_LightProbeVolumeOverride: {fileID: 0}
  m_ScaleInLightmap: 1
  m_ReceiveGI: 1
  m_PreserveUVs: 0
  m_IgnoreNormalsForChartDetection: 0
  m_ImportantGI: 0
  m_StitchLightmapSeams: 1
  m_SelectedEditorRenderState: 3
  m_MinimumChartSize: 4
  m_AutoUVMaxDistance: 0.5
  m_AutoUVMaxAngle: 89
  m_LightmapParameters: {fileID: 0}
  m_SortingLayerID: 0
  m_SortingLayer: 0
  m_SortingOrder: 0
  serializedVersion: 2
  m_Quality: 0
  m_UpdateWhenOffscreen: 0
  m_SkinnedMotionVectors: 1
  m_Mesh: {fileID: -7405732198898761550, guid: 7164b8ce1a1b902409dae4fd3f5ea199, type: 3}
  m_Bones:
  - {fileID: 7547658600991038242}
  - {fileID: 8415504035746271852}
  - {fileID: 7079992997745400713}
  - {fileID: 4154409331285173707}
  - {fileID: 6427232959369037045}
  - {fileID: 3988497143169929018}
  - {fileID: 5705163033738119155}
  - {fileID: 7656983545343132450}
  - {fileID: 8225177556888703819}
  - {fileID: 4312461508001707431}
  - {fileID: 4716614665261137643}
  - {fileID: 971247782037885956}
  - {fileID: 1958764005949699247}
  - {fileID: 2278578906928228671}
  - {fileID: 8561108534324283431}
  - {fileID: 7938132610779126942}
  - {fileID: 3264224167959595526}
  - {fileID: 4549482176396459434}
  - {fileID: 5737146087561361866}
  - {fileID: 2472146145521845137}
  - {fileID: 6157615688557244470}
  - {fileID: 754802427372102587}
  - {fileID: 5827634096842405142}
  - {fileID: 4466848942089783630}
  - {fileID: 1373338154890072965}
  - {fileID: 3511871778934260690}
  - {fileID: 5233766686322355507}
  - {fileID: 8870661899975204233}
  - {fileID: 698740293748444032}
  - {fileID: 9069796393611058334}
  - {fileID: 1816617715700937321}
  - {fileID: 3207418132695806342}
  - {fileID: 9062612208106112750}
  - {fileID: 1414021589264599670}
  - {fileID: 7237031391714875146}
  - {fileID: 1707953198245946753}
  - {fileID: 4400553038382468841}
  - {fileID: 1597334272411530804}
  - {fileID: 8837367333919842722}
  - {fileID: 5055687035183201807}
  - {fileID: 934860853738537464}
  - {fileID: 3974867981566816587}
  - {fileID: 1825820619653853812}
  - {fileID: 3330144753524935100}
  - {fileID: 4137129015330706236}
  - {fileID: 860141754132846705}
  - {fileID: 7982781838537990279}
  - {fileID: 4317114088390847698}
  - {fileID: 6919365763875823812}
  - {fileID: 5512956370908930498}
  - {fileID: 1927776201000880513}
  - {fileID: 3536788142573470193}
  - {fileID: 372980593593294224}
  - {fileID: 277087208507193209}
  - {fileID: 4116893973401591909}
  - {fileID: 3945757690690931000}
  - {fileID: 984145794016376464}
  - {fileID: 2112335051194499279}
  - {fileID: 8965835605131919769}
  - {fileID: 7558618071924700521}
  - {fileID: 5263808559694475926}
  - {fileID: 1400788276623166297}
  - {fileID: 2288187812858775475}
  - {fileID: 3050604109767939160}
  m_BlendShapeWeights: []
  m_RootBone: {fileID: 8225177556888703819}
  m_AABB:
    m_Center: {x: -0.5675131, y: 0.0031711087, z: 0.038704798}
    m_Extent: {x: 0.98200965, y: 0.229, z: 0.43255466}
  m_DirtyAABB: 0
--- !u!1 &2390212613327961338
GameObject:
  m_ObjectHideFlags: 0
  m_CorrespondingSourceObject: {fileID: 0}
  m_PrefabInstance: {fileID: 0}
  m_PrefabAsset: {fileID: 0}
  serializedVersion: 6
  m_Component:
  - component: {fileID: 5737146087561361866}
  m_Layer: 0
  m_Name: fish fin bones 42
  m_TagString: Untagged
  m_Icon: {fileID: 0}
  m_NavMeshLayer: 0
  m_StaticEditorFlags: 0
  m_IsActive: 1
--- !u!4 &5737146087561361866
Transform:
  m_ObjectHideFlags: 0
  m_CorrespondingSourceObject: {fileID: 0}
  m_PrefabInstance: {fileID: 0}
  m_PrefabAsset: {fileID: 0}
  m_GameObject: {fileID: 2390212613327961338}
  m_LocalRotation: {x: 0.07880074, y: 0.29859328, z: -0.014828789, w: 0.9510061}
  m_LocalPosition: {x: 0.053361084, y: 0.008872326, z: 0.15887402}
  m_LocalScale: {x: 1.0000002, y: 1.0000002, z: 0.99999976}
  m_Children:
  - {fileID: 984145794016376464}
  m_Father: {fileID: 7938132610779126942}
  m_RootOrder: 0
  m_LocalEulerAnglesHint: {x: 0, y: 0, z: 0}
--- !u!1 &2434446495772992513
GameObject:
  m_ObjectHideFlags: 0
  m_CorrespondingSourceObject: {fileID: 0}
  m_PrefabInstance: {fileID: 0}
  m_PrefabAsset: {fileID: 0}
  serializedVersion: 6
  m_Component:
  - component: {fileID: 6427232959369037045}
  m_Layer: 0
  m_Name: fish fin bones 10
  m_TagString: Untagged
  m_Icon: {fileID: 0}
  m_NavMeshLayer: 0
  m_StaticEditorFlags: 0
  m_IsActive: 1
--- !u!4 &6427232959369037045
Transform:
  m_ObjectHideFlags: 0
  m_CorrespondingSourceObject: {fileID: 0}
  m_PrefabInstance: {fileID: 0}
  m_PrefabAsset: {fileID: 0}
  m_GameObject: {fileID: 2434446495772992513}
  m_LocalRotation: {x: 0.3121621, y: -0.30914354, z: -0.3933779, w: 0.8076131}
  m_LocalPosition: {x: -0.06341784, y: -0.000007751465, z: -0.000001550293}
  m_LocalScale: {x: 0.9999998, y: 0.99999994, z: 1}
  m_Children: []
  m_Father: {fileID: 4154409331285173707}
  m_RootOrder: 0
  m_LocalEulerAnglesHint: {x: 0, y: 0, z: 0}
--- !u!1 &2445924467340308356
GameObject:
  m_ObjectHideFlags: 0
  m_CorrespondingSourceObject: {fileID: 0}
  m_PrefabInstance: {fileID: 0}
  m_PrefabAsset: {fileID: 0}
  serializedVersion: 6
  m_Component:
  - component: {fileID: 984145794016376464}
  m_Layer: 0
  m_Name: fish fin bones 50
  m_TagString: Untagged
  m_Icon: {fileID: 0}
  m_NavMeshLayer: 0
  m_StaticEditorFlags: 0
  m_IsActive: 1
--- !u!4 &984145794016376464
Transform:
  m_ObjectHideFlags: 0
  m_CorrespondingSourceObject: {fileID: 0}
  m_PrefabInstance: {fileID: 0}
  m_PrefabAsset: {fileID: 0}
  m_GameObject: {fileID: 2445924467340308356}
  m_LocalRotation: {x: -0.5675486, y: -0.21234089, z: -0.40210083, w: 0.6863781}
  m_LocalPosition: {x: -0.14455241, y: 0.000003100586, z: 0.0000023254395}
  m_LocalScale: {x: 1.0000001, y: 1.0000001, z: 1}
  m_Children:
  - {fileID: 7286831607537855420}
  m_Father: {fileID: 5737146087561361866}
  m_RootOrder: 0
  m_LocalEulerAnglesHint: {x: 0, y: 0, z: 0}
--- !u!1 &2456389070689316759
GameObject:
  m_ObjectHideFlags: 0
  m_CorrespondingSourceObject: {fileID: 0}
  m_PrefabInstance: {fileID: 0}
  m_PrefabAsset: {fileID: 0}
  serializedVersion: 6
  m_Component:
  - component: {fileID: 1373338154890072965}
  m_Layer: 0
  m_Name: fish fin bones
  m_TagString: Untagged
  m_Icon: {fileID: 0}
  m_NavMeshLayer: 0
  m_StaticEditorFlags: 0
  m_IsActive: 1
--- !u!4 &1373338154890072965
Transform:
  m_ObjectHideFlags: 0
  m_CorrespondingSourceObject: {fileID: 0}
  m_PrefabInstance: {fileID: 0}
  m_PrefabAsset: {fileID: 0}
  m_GameObject: {fileID: 2456389070689316759}
  m_LocalRotation: {x: -0.2343947, y: -0.49460214, z: 0.17122233, w: 0.81921357}
  m_LocalPosition: {x: -0.0034633544, y: -0.11925318, z: -0.14131947}
  m_LocalScale: {x: 1.0000002, y: 1.0000004, z: 0.99999994}
  m_Children:
  - {fileID: 3988497143169929018}
  m_Father: {fileID: 8225177556888703819}
  m_RootOrder: 1
  m_LocalEulerAnglesHint: {x: 0, y: 0, z: 0}
--- !u!1 &2537423350450947028
GameObject:
  m_ObjectHideFlags: 0
  m_CorrespondingSourceObject: {fileID: 0}
  m_PrefabInstance: {fileID: 0}
  m_PrefabAsset: {fileID: 0}
  serializedVersion: 6
  m_Component:
  - component: {fileID: 1825820619653853812}
  m_Layer: 0
  m_Name: fish fin bones 34
  m_TagString: Untagged
  m_Icon: {fileID: 0}
  m_NavMeshLayer: 0
  m_StaticEditorFlags: 0
  m_IsActive: 1
--- !u!4 &1825820619653853812
Transform:
  m_ObjectHideFlags: 0
  m_CorrespondingSourceObject: {fileID: 0}
  m_PrefabInstance: {fileID: 0}
  m_PrefabAsset: {fileID: 0}
  m_GameObject: {fileID: 2537423350450947028}
  m_LocalRotation: {x: -0.77376604, y: 0.03720265, z: 0.036340408, w: 0.6313331}
  m_LocalPosition: {x: -0.07379084, y: 0.000003100586, z: 0}
  m_LocalScale: {x: 1.0000001, y: 1.0000001, z: 1}
  m_Children:
  - {fileID: 4317114088390847698}
  m_Father: {fileID: 6919365763875823812}
  m_RootOrder: 0
  m_LocalEulerAnglesHint: {x: 0, y: 0, z: 0}
--- !u!1 &2571885450879491538
GameObject:
  m_ObjectHideFlags: 0
  m_CorrespondingSourceObject: {fileID: 0}
  m_PrefabInstance: {fileID: 0}
  m_PrefabAsset: {fileID: 0}
  serializedVersion: 6
  m_Component:
  - component: {fileID: 9069796393611058334}
  m_Layer: 0
  m_Name: fish fin bones 7
  m_TagString: Untagged
  m_Icon: {fileID: 0}
  m_NavMeshLayer: 0
  m_StaticEditorFlags: 0
  m_IsActive: 1
--- !u!4 &9069796393611058334
Transform:
  m_ObjectHideFlags: 0
  m_CorrespondingSourceObject: {fileID: 0}
  m_PrefabInstance: {fileID: 0}
  m_PrefabAsset: {fileID: 0}
  m_GameObject: {fileID: 2571885450879491538}
  m_LocalRotation: {x: -0.15334146, y: 0.38179165, z: -0.020768702, w: 0.9112026}
  m_LocalPosition: {x: -0.0486885, y: 0.032725908, z: 0.20217012}
  m_LocalScale: {x: 1, y: 1.0000001, z: 1}
  m_Children:
  - {fileID: 3511871778934260690}
  m_Father: {fileID: 971247782037885956}
  m_RootOrder: 3
  m_LocalEulerAnglesHint: {x: 0, y: 0, z: 0}
--- !u!1 &2789727347529773930
GameObject:
  m_ObjectHideFlags: 0
  m_CorrespondingSourceObject: {fileID: 0}
  m_PrefabInstance: {fileID: 0}
  m_PrefabAsset: {fileID: 0}
  serializedVersion: 6
  m_Component:
  - component: {fileID: 2112335051194499279}
  m_Layer: 0
  m_Name: fish fin bones 51
  m_TagString: Untagged
  m_Icon: {fileID: 0}
  m_NavMeshLayer: 0
  m_StaticEditorFlags: 0
  m_IsActive: 1
--- !u!4 &2112335051194499279
Transform:
  m_ObjectHideFlags: 0
  m_CorrespondingSourceObject: {fileID: 0}
  m_PrefabInstance: {fileID: 0}
  m_PrefabAsset: {fileID: 0}
  m_GameObject: {fileID: 2789727347529773930}
  m_LocalRotation: {x: -0.70042884, y: 0.03929505, z: -0.11593496, w: 0.7031461}
  m_LocalPosition: {x: -0.14790104, y: 0.000006201172, z: 0.0000021316528}
  m_LocalScale: {x: 1.0000001, y: 1.0000001, z: 1}
  m_Children:
  - {fileID: 2616299722874281168}
  m_Father: {fileID: 7558618071924700521}
  m_RootOrder: 0
  m_LocalEulerAnglesHint: {x: 0, y: 0, z: 0}
--- !u!1 &2892135685816773808
GameObject:
  m_ObjectHideFlags: 0
  m_CorrespondingSourceObject: {fileID: 0}
  m_PrefabInstance: {fileID: 0}
  m_PrefabAsset: {fileID: 0}
  serializedVersion: 6
  m_Component:
  - component: {fileID: 2288187812858775475}
  m_Layer: 0
  m_Name: fish fin bones 46
  m_TagString: Untagged
  m_Icon: {fileID: 0}
  m_NavMeshLayer: 0
  m_StaticEditorFlags: 0
  m_IsActive: 1
--- !u!4 &2288187812858775475
Transform:
  m_ObjectHideFlags: 0
  m_CorrespondingSourceObject: {fileID: 0}
  m_PrefabInstance: {fileID: 0}
  m_PrefabAsset: {fileID: 0}
  m_GameObject: {fileID: 2892135685816773808}
  m_LocalRotation: {x: -0.0042466978, y: 0.086821325, z: -0.00463301, w: 0.9962041}
  m_LocalPosition: {x: -0.019725928, y: 0.0086986935, z: 0.0007828979}
  m_LocalScale: {x: 0.9999997, y: 1.0000001, z: 1.0000001}
  m_Children:
  - {fileID: 277087208507193209}
  m_Father: {fileID: 7938132610779126942}
  m_RootOrder: 4
  m_LocalEulerAnglesHint: {x: 0, y: 0, z: 0}
--- !u!1 &2992258505404939857
GameObject:
  m_ObjectHideFlags: 0
  m_CorrespondingSourceObject: {fileID: 0}
  m_PrefabInstance: {fileID: 0}
  m_PrefabAsset: {fileID: 0}
  serializedVersion: 6
  m_Component:
  - component: {fileID: 6899387255755572039}
  m_Layer: 0
  m_Name: fish fin bones 60
  m_TagString: Untagged
  m_Icon: {fileID: 0}
  m_NavMeshLayer: 0
  m_StaticEditorFlags: 0
  m_IsActive: 1
--- !u!4 &6899387255755572039
Transform:
  m_ObjectHideFlags: 0
  m_CorrespondingSourceObject: {fileID: 0}
  m_PrefabInstance: {fileID: 0}
  m_PrefabAsset: {fileID: 0}
  m_GameObject: {fileID: 2992258505404939857}
  m_LocalRotation: {x: -0.08642584, y: 0.025221009, z: -0.0015771728, w: 0.99593776}
  m_LocalPosition: {x: -0.02794558, y: -0.0000018409729, z: 0}
  m_LocalScale: {x: 0.9999998, y: 0.99999994, z: 1}
  m_Children: []
  m_Father: {fileID: 4116893973401591909}
  m_RootOrder: 0
  m_LocalEulerAnglesHint: {x: 0, y: 0, z: 0}
--- !u!1 &3124135717442589219
GameObject:
  m_ObjectHideFlags: 0
  m_CorrespondingSourceObject: {fileID: 0}
  m_PrefabInstance: {fileID: 0}
  m_PrefabAsset: {fileID: 0}
  serializedVersion: 6
  m_Component:
  - component: {fileID: 3945757690690931000}
  m_Layer: 0
  m_Name: fish fin bones 52
  m_TagString: Untagged
  m_Icon: {fileID: 0}
  m_NavMeshLayer: 0
  m_StaticEditorFlags: 0
  m_IsActive: 1
--- !u!4 &3945757690690931000
Transform:
  m_ObjectHideFlags: 0
  m_CorrespondingSourceObject: {fileID: 0}
  m_PrefabInstance: {fileID: 0}
  m_PrefabAsset: {fileID: 0}
  m_GameObject: {fileID: 3124135717442589219}
  m_LocalRotation: {x: -0.7275622, y: 0.042127542, z: -0.057569288, w: 0.6823228}
  m_LocalPosition: {x: -0.097435914, y: 0.000003100586, z: 0.000001550293}
  m_LocalScale: {x: 1.0000001, y: 1.0000001, z: 1}
  m_Children:
  - {fileID: 3498526859437969181}
  m_Father: {fileID: 5263808559694475926}
  m_RootOrder: 0
  m_LocalEulerAnglesHint: {x: 0, y: 0, z: 0}
--- !u!1 &3145274784010569519
GameObject:
  m_ObjectHideFlags: 0
  m_CorrespondingSourceObject: {fileID: 0}
  m_PrefabInstance: {fileID: 0}
  m_PrefabAsset: {fileID: 0}
  serializedVersion: 6
  m_Component:
  - component: {fileID: 7079992997745400713}
  m_Layer: 0
  m_Name: fish back bones06
  m_TagString: Untagged
  m_Icon: {fileID: 0}
  m_NavMeshLayer: 0
  m_StaticEditorFlags: 0
  m_IsActive: 1
--- !u!4 &7079992997745400713
Transform:
  m_ObjectHideFlags: 0
  m_CorrespondingSourceObject: {fileID: 0}
  m_PrefabInstance: {fileID: 0}
  m_PrefabAsset: {fileID: 0}
  m_GameObject: {fileID: 3145274784010569519}
  m_LocalRotation: {x: 0.0013424192, y: 0.0052354527, z: -0.049727954, w: 0.9987482}
  m_LocalPosition: {x: -0.21319158, y: 2.61738e-10, z: 1.1937036e-12}
  m_LocalScale: {x: 1.0000001, y: 1.0000001, z: 1}
  m_Children:
  - {fileID: 8561108534324283431}
  m_Father: {fileID: 8415504035746271852}
  m_RootOrder: 0
  m_LocalEulerAnglesHint: {x: 0, y: 0, z: 0}
--- !u!1 &3183025790040700185
GameObject:
  m_ObjectHideFlags: 0
  m_CorrespondingSourceObject: {fileID: 0}
  m_PrefabInstance: {fileID: 0}
  m_PrefabAsset: {fileID: 0}
  serializedVersion: 6
  m_Component:
  - component: {fileID: 934860853738537464}
  m_Layer: 0
  m_Name: fish fin bones 24
  m_TagString: Untagged
  m_Icon: {fileID: 0}
  m_NavMeshLayer: 0
  m_StaticEditorFlags: 0
  m_IsActive: 1
--- !u!4 &934860853738537464
Transform:
  m_ObjectHideFlags: 0
  m_CorrespondingSourceObject: {fileID: 0}
  m_PrefabInstance: {fileID: 0}
  m_PrefabAsset: {fileID: 0}
  m_GameObject: {fileID: 3183025790040700185}
  m_LocalRotation: {x: -0.75299656, y: 0.08844478, z: 0.09741155, w: 0.6447362}
  m_LocalPosition: {x: -0.1434672, y: 0.000006201172, z: 0}
  m_LocalScale: {x: 1.0000001, y: 1.0000001, z: 1}
  m_Children:
  - {fileID: 3974867981566816587}
  m_Father: {fileID: 2472146145521845137}
  m_RootOrder: 0
  m_LocalEulerAnglesHint: {x: 0, y: 0, z: 0}
--- !u!1 &3223901874713267551
GameObject:
  m_ObjectHideFlags: 0
  m_CorrespondingSourceObject: {fileID: 0}
  m_PrefabInstance: {fileID: 0}
  m_PrefabAsset: {fileID: 0}
  serializedVersion: 6
  m_Component:
  - component: {fileID: 698740293748444032}
  m_Layer: 0
  m_Name: fish fin bones 9
  m_TagString: Untagged
  m_Icon: {fileID: 0}
  m_NavMeshLayer: 0
  m_StaticEditorFlags: 0
  m_IsActive: 1
--- !u!4 &698740293748444032
Transform:
  m_ObjectHideFlags: 0
  m_CorrespondingSourceObject: {fileID: 0}
  m_PrefabInstance: {fileID: 0}
  m_PrefabAsset: {fileID: 0}
  m_GameObject: {fileID: 3223901874713267551}
  m_LocalRotation: {x: -0.6988484, y: -0.13266528, z: 0.107069954, w: 0.6946559}
  m_LocalPosition: {x: -0.22766207, y: 0.000010852051, z: 0.000003100586}
  m_LocalScale: {x: 1.0000001, y: 1.0000001, z: 1}
  m_Children:
  - {fileID: 5483561138468813375}
  m_Father: {fileID: 1816617715700937321}
  m_RootOrder: 0
  m_LocalEulerAnglesHint: {x: 0, y: 0, z: 0}
--- !u!1 &3237600846294089998
GameObject:
  m_ObjectHideFlags: 0
  m_CorrespondingSourceObject: {fileID: 0}
  m_PrefabInstance: {fileID: 0}
  m_PrefabAsset: {fileID: 0}
  serializedVersion: 6
  m_Component:
  - component: {fileID: 860141754132846705}
  m_Layer: 0
  m_Name: fish fin bones 30
  m_TagString: Untagged
  m_Icon: {fileID: 0}
  m_NavMeshLayer: 0
  m_StaticEditorFlags: 0
  m_IsActive: 1
--- !u!4 &860141754132846705
Transform:
  m_ObjectHideFlags: 0
  m_CorrespondingSourceObject: {fileID: 0}
  m_PrefabInstance: {fileID: 0}
  m_PrefabAsset: {fileID: 0}
  m_GameObject: {fileID: 3237600846294089998}
  m_LocalRotation: {x: -0.772897, y: 0.0403831, z: 0.03289321, w: 0.6323904}
  m_LocalPosition: {x: -0.106277235, y: 0.000004650879, z: 0.000001550293}
  m_LocalScale: {x: 1.0000001, y: 1.0000001, z: 1}
  m_Children:
  - {fileID: 7982781838537990279}
  m_Father: {fileID: 4716614665261137643}
  m_RootOrder: 0
  m_LocalEulerAnglesHint: {x: 0, y: 0, z: 0}
--- !u!1 &3555155077110230764
GameObject:
  m_ObjectHideFlags: 0
  m_CorrespondingSourceObject: {fileID: 0}
  m_PrefabInstance: {fileID: 0}
  m_PrefabAsset: {fileID: 0}
  serializedVersion: 6
  m_Component:
  - component: {fileID: 7982781838537990279}
  m_Layer: 0
  m_Name: fish fin bones 36
  m_TagString: Untagged
  m_Icon: {fileID: 0}
  m_NavMeshLayer: 0
  m_StaticEditorFlags: 0
  m_IsActive: 1
--- !u!4 &7982781838537990279
Transform:
  m_ObjectHideFlags: 0
  m_CorrespondingSourceObject: {fileID: 0}
  m_PrefabInstance: {fileID: 0}
  m_PrefabAsset: {fileID: 0}
  m_GameObject: {fileID: 3555155077110230764}
  m_LocalRotation: {x: -0.083151706, y: 0.27532542, z: -0.75986636, w: 0.5829964}
  m_LocalPosition: {x: -0.106213674, y: -0.000009301758, z: 0}
  m_LocalScale: {x: 0.9999998, y: 0.99999994, z: 1}
  m_Children: []
  m_Father: {fileID: 860141754132846705}
  m_RootOrder: 0
  m_LocalEulerAnglesHint: {x: 0, y: 0, z: 0}
--- !u!1 &3784017685705620836
GameObject:
  m_ObjectHideFlags: 0
  m_CorrespondingSourceObject: {fileID: 0}
  m_PrefabInstance: {fileID: 0}
  m_PrefabAsset: {fileID: 0}
  serializedVersion: 6
  m_Component:
  - component: {fileID: 3891315930626690740}
  m_Layer: 0
  m_Name: fish fin bones 61
  m_TagString: Untagged
  m_Icon: {fileID: 0}
  m_NavMeshLayer: 0
  m_StaticEditorFlags: 0
  m_IsActive: 1
--- !u!4 &3891315930626690740
Transform:
  m_ObjectHideFlags: 0
  m_CorrespondingSourceObject: {fileID: 0}
  m_PrefabInstance: {fileID: 0}
  m_PrefabAsset: {fileID: 0}
  m_GameObject: {fileID: 3784017685705620836}
  m_LocalRotation: {x: -0.055337485, y: -0.04584974, z: 0.21550351, w: 0.97385514}
  m_LocalPosition: {x: -0.027948681, y: -0.0000014533996, z: -0.000001550293}
  m_LocalScale: {x: 0.9999998, y: 0.99999994, z: 1}
  m_Children: []
  m_Father: {fileID: 277087208507193209}
  m_RootOrder: 0
  m_LocalEulerAnglesHint: {x: 0, y: 0, z: 0}
--- !u!1 &3955716410780291434
GameObject:
  m_ObjectHideFlags: 0
  m_CorrespondingSourceObject: {fileID: 0}
  m_PrefabInstance: {fileID: 0}
  m_PrefabAsset: {fileID: 0}
  serializedVersion: 6
  m_Component:
  - component: {fileID: 7286831607537855420}
  m_Layer: 0
  m_Name: fish fin bones 65
  m_TagString: Untagged
  m_Icon: {fileID: 0}
  m_NavMeshLayer: 0
  m_StaticEditorFlags: 0
  m_IsActive: 1
--- !u!4 &7286831607537855420
Transform:
  m_ObjectHideFlags: 0
  m_CorrespondingSourceObject: {fileID: 0}
  m_PrefabInstance: {fileID: 0}
  m_PrefabAsset: {fileID: 0}
  m_GameObject: {fileID: 3955716410780291434}
  m_LocalRotation: {x: -0.06882382, y: -0.085709065, z: 0.47303, w: 0.8741624}
  m_LocalPosition: {x: -0.05112091, y: -0.000004650879, z: -0.000001550293}
  m_LocalScale: {x: 0.9999998, y: 0.99999994, z: 1}
  m_Children: []
  m_Father: {fileID: 984145794016376464}
  m_RootOrder: 0
  m_LocalEulerAnglesHint: {x: 0, y: 0, z: 0}
--- !u!1 &3965842804765522857
GameObject:
  m_ObjectHideFlags: 0
  m_CorrespondingSourceObject: {fileID: 0}
  m_PrefabInstance: {fileID: 0}
  m_PrefabAsset: {fileID: 0}
  serializedVersion: 6
  m_Component:
  - component: {fileID: 7547658600991038242}
  m_Layer: 0
  m_Name: fish fin bones 39
  m_TagString: Untagged
  m_Icon: {fileID: 0}
  m_NavMeshLayer: 0
  m_StaticEditorFlags: 0
  m_IsActive: 1
--- !u!4 &7547658600991038242
Transform:
  m_ObjectHideFlags: 0
  m_CorrespondingSourceObject: {fileID: 0}
  m_PrefabInstance: {fileID: 0}
  m_PrefabAsset: {fileID: 0}
  m_GameObject: {fileID: 3965842804765522857}
  m_LocalRotation: {x: -0.10857699, y: 0.23144208, z: -0.62860984, w: 0.73450345}
  m_LocalPosition: {x: -0.054576512, y: -0.000004650879, z: -0.000003100586}
  m_LocalScale: {x: 0.9999998, y: 0.99999994, z: 1}
  m_Children: []
  m_Father: {fileID: 3330144753524935100}
  m_RootOrder: 0
  m_LocalEulerAnglesHint: {x: 0, y: 0, z: 0}
--- !u!1 &4017357100256972423
GameObject:
  m_ObjectHideFlags: 0
  m_CorrespondingSourceObject: {fileID: 0}
  m_PrefabInstance: {fileID: 0}
  m_PrefabAsset: {fileID: 0}
  serializedVersion: 6
  m_Component:
  - component: {fileID: 1816617715700937321}
  m_Layer: 0
  m_Name: fish fin bones 2
  m_TagString: Untagged
  m_Icon: {fileID: 0}
  m_NavMeshLayer: 0
  m_StaticEditorFlags: 0
  m_IsActive: 1
--- !u!4 &1816617715700937321
Transform:
  m_ObjectHideFlags: 0
  m_CorrespondingSourceObject: {fileID: 0}
  m_PrefabInstance: {fileID: 0}
  m_PrefabAsset: {fileID: 0}
  m_GameObject: {fileID: 4017357100256972423}
  m_LocalRotation: {x: -0.029260512, y: 0.4096823, z: -0.16142875, w: 0.8973544}
  m_LocalPosition: {x: -0.20164661, y: -0.015618427, z: 0.21998522}
  m_LocalScale: {x: 1.0000002, y: 1, z: 1.0000002}
  m_Children:
  - {fileID: 698740293748444032}
  m_Father: {fileID: 1958764005949699247}
  m_RootOrder: 1
  m_LocalEulerAnglesHint: {x: 0, y: 0, z: 0}
--- !u!1 &4044288623011076212
GameObject:
  m_ObjectHideFlags: 0
  m_CorrespondingSourceObject: {fileID: 0}
  m_PrefabInstance: {fileID: 0}
  m_PrefabAsset: {fileID: 0}
  serializedVersion: 6
  m_Component:
  - component: {fileID: 9062612208106112750}
  m_Layer: 0
  m_Name: fish fin bones 13
  m_TagString: Untagged
  m_Icon: {fileID: 0}
  m_NavMeshLayer: 0
  m_StaticEditorFlags: 0
  m_IsActive: 1
--- !u!4 &9062612208106112750
Transform:
  m_ObjectHideFlags: 0
  m_CorrespondingSourceObject: {fileID: 0}
  m_PrefabInstance: {fileID: 0}
  m_PrefabAsset: {fileID: 0}
  m_GameObject: {fileID: 4044288623011076212}
  m_LocalRotation: {x: -0.7923563, y: 0.078467615, z: -0.15200251, w: 0.5855849}
  m_LocalPosition: {x: -0.10711904, y: 0.0000038757325, z: -0.000003100586}
  m_LocalScale: {x: 1.0000001, y: 1.0000001, z: 1}
  m_Children:
  - {fileID: 6181816335593487327}
  m_Father: {fileID: 3207418132695806342}
  m_RootOrder: 0
  m_LocalEulerAnglesHint: {x: 0, y: 0, z: 0}
--- !u!1 &4059227532730333078
GameObject:
  m_ObjectHideFlags: 0
  m_CorrespondingSourceObject: {fileID: 0}
  m_PrefabInstance: {fileID: 0}
  m_PrefabAsset: {fileID: 0}
  serializedVersion: 6
  m_Component:
  - component: {fileID: 6181816335593487327}
  m_Layer: 0
  m_Name: fish fin bones 25
  m_TagString: Untagged
  m_Icon: {fileID: 0}
  m_NavMeshLayer: 0
  m_StaticEditorFlags: 0
  m_IsActive: 1
--- !u!4 &6181816335593487327
Transform:
  m_ObjectHideFlags: 0
  m_CorrespondingSourceObject: {fileID: 0}
  m_PrefabInstance: {fileID: 0}
  m_PrefabAsset: {fileID: 0}
  m_GameObject: {fileID: 4059227532730333078}
  m_LocalRotation: {x: -0.21169227, y: -0.12953457, z: 0.63061076, w: 0.7353484}
  m_LocalPosition: {x: -0.059092518, y: -0.000009301758, z: -0.000001550293}
  m_LocalScale: {x: 0.9999998, y: 0.99999994, z: 1}
  m_Children: []
  m_Father: {fileID: 9062612208106112750}
  m_RootOrder: 0
  m_LocalEulerAnglesHint: {x: 0, y: 0, z: 0}
--- !u!1 &4095463882135102736
GameObject:
  m_ObjectHideFlags: 0
  m_CorrespondingSourceObject: {fileID: 0}
  m_PrefabInstance: {fileID: 0}
  m_PrefabAsset: {fileID: 0}
  serializedVersion: 6
  m_Component:
  - component: {fileID: 4549482176396459434}
  m_Layer: 0
  m_Name: fish fin bones 23
  m_TagString: Untagged
  m_Icon: {fileID: 0}
  m_NavMeshLayer: 0
  m_StaticEditorFlags: 0
  m_IsActive: 1
--- !u!4 &4549482176396459434
Transform:
  m_ObjectHideFlags: 0
  m_CorrespondingSourceObject: {fileID: 0}
  m_PrefabInstance: {fileID: 0}
  m_PrefabAsset: {fileID: 0}
  m_GameObject: {fileID: 4095463882135102736}
  m_LocalRotation: {x: 0.09924741, y: 0.28150597, z: 0.04139313, w: 0.9535151}
  m_LocalPosition: {x: -0.19694301, y: 0.008176245, z: 0.12618183}
  m_LocalScale: {x: 1, y: 1.0000002, z: 1.0000002}
  m_Children:
  - {fileID: 1707953198245946753}
  m_Father: {fileID: 8415504035746271852}
  m_RootOrder: 6
  m_LocalEulerAnglesHint: {x: 0, y: 0, z: 0}
--- !u!1 &4119607605028380987
GameObject:
  m_ObjectHideFlags: 0
  m_CorrespondingSourceObject: {fileID: 0}
  m_PrefabInstance: {fileID: 0}
  m_PrefabAsset: {fileID: 0}
  serializedVersion: 6
  m_Component:
  - component: {fileID: 2472146145521845137}
  m_Layer: 0
  m_Name: fish fin bones 12
  m_TagString: Untagged
  m_Icon: {fileID: 0}
  m_NavMeshLayer: 0
  m_StaticEditorFlags: 0
  m_IsActive: 1
--- !u!4 &2472146145521845137
Transform:
  m_ObjectHideFlags: 0
  m_CorrespondingSourceObject: {fileID: 0}
  m_PrefabInstance: {fileID: 0}
  m_PrefabAsset: {fileID: 0}
  m_GameObject: {fileID: 4119607605028380987}
  m_LocalRotation: {x: -0.006378185, y: -0.34704712, z: -0.009398918, w: 0.93777895}
  m_LocalPosition: {x: -0.17647605, y: 0.006235278, z: -0.20717514}
  m_LocalScale: {x: 1.0000002, y: 1.0000002, z: 0.99999994}
  m_Children:
  - {fileID: 934860853738537464}
  m_Father: {fileID: 4312461508001707431}
  m_RootOrder: 1
  m_LocalEulerAnglesHint: {x: 0, y: 0, z: 0}
--- !u!1 &4147782553802794579
GameObject:
  m_ObjectHideFlags: 0
  m_CorrespondingSourceObject: {fileID: 0}
  m_PrefabInstance: {fileID: 0}
  m_PrefabAsset: {fileID: 0}
  serializedVersion: 6
  m_Component:
  - component: {fileID: 1958764005949699247}
  m_Layer: 0
  m_Name: fish back bones02
  m_TagString: Untagged
  m_Icon: {fileID: 0}
  m_NavMeshLayer: 0
  m_StaticEditorFlags: 0
  m_IsActive: 1
--- !u!4 &1958764005949699247
Transform:
  m_ObjectHideFlags: 0
  m_CorrespondingSourceObject: {fileID: 0}
  m_PrefabInstance: {fileID: 0}
  m_PrefabAsset: {fileID: 0}
  m_GameObject: {fileID: 4147782553802794579}
  m_LocalRotation: {x: 0.0011336674, y: -0.020427594, z: 0.017133636, w: 0.99964386}
  m_LocalPosition: {x: -0.23580925, y: -0.0000029140538, z: -0.000000002364081}
  m_LocalScale: {x: 0.99999994, y: 0.99999994, z: 1}
  m_Children:
  - {fileID: 971247782037885956}
  - {fileID: 1816617715700937321}
  m_Father: {fileID: 8225177556888703819}
  m_RootOrder: 0
  m_LocalEulerAnglesHint: {x: 0, y: 0, z: 0}
--- !u!1 &4231504291104883742
GameObject:
  m_ObjectHideFlags: 0
  m_CorrespondingSourceObject: {fileID: 0}
  m_PrefabInstance: {fileID: 0}
  m_PrefabAsset: {fileID: 0}
  serializedVersion: 6
  m_Component:
  - component: {fileID: 1400788276623166297}
  m_Layer: 0
  m_Name: fish fin bones 45
  m_TagString: Untagged
  m_Icon: {fileID: 0}
  m_NavMeshLayer: 0
  m_StaticEditorFlags: 0
  m_IsActive: 1
--- !u!4 &1400788276623166297
Transform:
  m_ObjectHideFlags: 0
  m_CorrespondingSourceObject: {fileID: 0}
  m_PrefabInstance: {fileID: 0}
  m_PrefabAsset: {fileID: 0}
  m_GameObject: {fileID: 4231504291104883742}
  m_LocalRotation: {x: -0.004246701, y: 0.0868211, z: -0.0046329354, w: 0.9962041}
  m_LocalPosition: {x: -0.016647046, y: 0.0087079955, z: 0.01839655}
  m_LocalScale: {x: 0.99999976, y: 1.0000002, z: 1}
  m_Children:
  - {fileID: 4116893973401591909}
  m_Father: {fileID: 7938132610779126942}
  m_RootOrder: 3
  m_LocalEulerAnglesHint: {x: 0, y: 0, z: 0}
--- !u!1 &4304008756001260799
GameObject:
  m_ObjectHideFlags: 0
  m_CorrespondingSourceObject: {fileID: 0}
  m_PrefabInstance: {fileID: 0}
  m_PrefabAsset: {fileID: 0}
  serializedVersion: 6
  m_Component:
  - component: {fileID: 277087208507193209}
  m_Layer: 0
  m_Name: fish fin bones 54
  m_TagString: Untagged
  m_Icon: {fileID: 0}
  m_NavMeshLayer: 0
  m_StaticEditorFlags: 0
  m_IsActive: 1
--- !u!4 &277087208507193209
Transform:
  m_ObjectHideFlags: 0
  m_CorrespondingSourceObject: {fileID: 0}
  m_PrefabInstance: {fileID: 0}
  m_PrefabAsset: {fileID: 0}
  m_GameObject: {fileID: 4304008756001260799}
  m_LocalRotation: {x: -0.75944006, y: 0.046847887, z: -0.05719864, w: 0.6463624}
  m_LocalPosition: {x: -0.09743901, y: 0.000001550293, z: 0.000001550293}
  m_LocalScale: {x: 1.0000001, y: 1.0000001, z: 1}
  m_Children:
  - {fileID: 3891315930626690740}
  m_Father: {fileID: 2288187812858775475}
  m_RootOrder: 0
  m_LocalEulerAnglesHint: {x: 0, y: 0, z: 0}
--- !u!1 &4325592062502743495
GameObject:
  m_ObjectHideFlags: 0
  m_CorrespondingSourceObject: {fileID: 0}
  m_PrefabInstance: {fileID: 0}
  m_PrefabAsset: {fileID: 0}
  serializedVersion: 6
  m_Component:
  - component: {fileID: 5263808559694475926}
  m_Layer: 0
  m_Name: fish fin bones 44
  m_TagString: Untagged
  m_Icon: {fileID: 0}
  m_NavMeshLayer: 0
  m_StaticEditorFlags: 0
  m_IsActive: 1
--- !u!4 &5263808559694475926
Transform:
  m_ObjectHideFlags: 0
  m_CorrespondingSourceObject: {fileID: 0}
  m_PrefabInstance: {fileID: 0}
  m_PrefabAsset: {fileID: 0}
  m_GameObject: {fileID: 4325592062502743495}
  m_LocalRotation: {x: -0.0042467, y: 0.08682133, z: -0.0046329787, w: 0.9962041}
  m_LocalPosition: {x: -0.01116211, y: 0.008720398, z: 0.049783006}
  m_LocalScale: {x: 0.9999998, y: 1.0000002, z: 1.0000001}
  m_Children:
  - {fileID: 3945757690690931000}
  m_Father: {fileID: 7938132610779126942}
  m_RootOrder: 2
  m_LocalEulerAnglesHint: {x: 0, y: 0, z: 0}
--- !u!1 &4524170179259938083
GameObject:
  m_ObjectHideFlags: 0
  m_CorrespondingSourceObject: {fileID: 0}
  m_PrefabInstance: {fileID: 0}
  m_PrefabAsset: {fileID: 0}
  serializedVersion: 6
  m_Component:
  - component: {fileID: 3974867981566816587}
  m_Layer: 0
  m_Name: fish fin bones 35
  m_TagString: Untagged
  m_Icon: {fileID: 0}
  m_NavMeshLayer: 0
  m_StaticEditorFlags: 0
  m_IsActive: 1
--- !u!4 &3974867981566816587
Transform:
  m_ObjectHideFlags: 0
  m_CorrespondingSourceObject: {fileID: 0}
  m_PrefabInstance: {fileID: 0}
  m_PrefabAsset: {fileID: 0}
  m_GameObject: {fileID: 4524170179259938083}
  m_LocalRotation: {x: -0.105566904, y: -0.2509839, z: 0.70278686, w: 0.65723157}
  m_LocalPosition: {x: -0.095178686, y: -0.000006201172, z: -0.000001550293}
  m_LocalScale: {x: 0.9999998, y: 0.99999994, z: 1}
  m_Children: []
  m_Father: {fileID: 934860853738537464}
  m_RootOrder: 0
  m_LocalEulerAnglesHint: {x: 0, y: 0, z: 0}
--- !u!1 &4723033492338664321
GameObject:
  m_ObjectHideFlags: 0
  m_CorrespondingSourceObject: {fileID: 0}
  m_PrefabInstance: {fileID: 0}
  m_PrefabAsset: {fileID: 0}
  serializedVersion: 6
  m_Component:
  - component: {fileID: 8225177556888703819}
  m_Layer: 0
  m_Name: fish back bones01
  m_TagString: Untagged
  m_Icon: {fileID: 0}
  m_NavMeshLayer: 0
  m_StaticEditorFlags: 0
  m_IsActive: 1
--- !u!4 &8225177556888703819
Transform:
  m_ObjectHideFlags: 0
  m_CorrespondingSourceObject: {fileID: 0}
  m_PrefabInstance: {fileID: 0}
  m_PrefabAsset: {fileID: 0}
  m_GameObject: {fileID: 4723033492338664321}
  m_LocalRotation: {x: 0.6793885, y: 0.0064154165, z: 0.73369277, w: 0.00922189}
  m_LocalPosition: {x: 0.10467268, y: 0.020913452, z: -0.070513524}
  m_LocalScale: {x: 2.6883652, y: 2.688365, z: 2.6883652}
  m_Children:
  - {fileID: 1958764005949699247}
  - {fileID: 1373338154890072965}
  - {fileID: 4466848942089783630}
  m_Father: {fileID: 8540385394441540537}
  m_RootOrder: 0
  m_LocalEulerAnglesHint: {x: 0, y: 0, z: 0}
--- !u!1 &4870018772923359950
GameObject:
  m_ObjectHideFlags: 0
  m_CorrespondingSourceObject: {fileID: 0}
  m_PrefabInstance: {fileID: 0}
  m_PrefabAsset: {fileID: 0}
  serializedVersion: 6
  m_Component:
  - component: {fileID: 1597334272411530804}
  m_Layer: 0
  m_Name: fish fin bones 41
  m_TagString: Untagged
  m_Icon: {fileID: 0}
  m_NavMeshLayer: 0
  m_StaticEditorFlags: 0
  m_IsActive: 1
--- !u!4 &1597334272411530804
Transform:
  m_ObjectHideFlags: 0
  m_CorrespondingSourceObject: {fileID: 0}
  m_PrefabInstance: {fileID: 0}
  m_PrefabAsset: {fileID: 0}
  m_GameObject: {fileID: 4870018772923359950}
  m_LocalRotation: {x: 0.0015856453, y: 0.042996015, z: 0.03447331, w: 0.99847907}
  m_LocalPosition: {x: -0.012551172, y: -0.000003100586, z: 0}
  m_LocalScale: {x: 0.9999998, y: 0.99999994, z: 1}
  m_Children: []
  m_Father: {fileID: 7237031391714875146}
  m_RootOrder: 0
  m_LocalEulerAnglesHint: {x: 0, y: 0, z: 0}
--- !u!1 &5050806391017761196
GameObject:
  m_ObjectHideFlags: 0
  m_CorrespondingSourceObject: {fileID: 0}
  m_PrefabInstance: {fileID: 0}
  m_PrefabAsset: {fileID: 0}
  serializedVersion: 6
  m_Component:
  - component: {fileID: 8089389062000221119}
  - component: {fileID: 2218387578327971525}
  m_Layer: 0
  m_Name: salmon animations
  m_TagString: Untagged
  m_Icon: {fileID: 0}
  m_NavMeshLayer: 0
  m_StaticEditorFlags: 0
  m_IsActive: 1
--- !u!4 &8089389062000221119
Transform:
  m_ObjectHideFlags: 0
  m_CorrespondingSourceObject: {fileID: 0}
  m_PrefabInstance: {fileID: 0}
  m_PrefabAsset: {fileID: 0}
  m_GameObject: {fileID: 5050806391017761196}
  m_LocalRotation: {x: -0.50000066, y: 0.49999943, z: 0.49999937, w: 0.5000006}
  m_LocalPosition: {x: 157.85701, y: 1.79, z: -159.26}
  m_LocalScale: {x: 1.25, y: 1.25, z: 1.25}
  m_Children:
  - {fileID: 7935250988885276099}
  - {fileID: 8540385394441540537}
  m_Father: {fileID: 0}
  m_RootOrder: 0
  m_LocalEulerAnglesHint: {x: -90.00001, y: 0, z: 90.00001}
--- !u!95 &2218387578327971525
Animator:
  serializedVersion: 3
  m_ObjectHideFlags: 0
  m_CorrespondingSourceObject: {fileID: 0}
  m_PrefabInstance: {fileID: 0}
  m_PrefabAsset: {fileID: 0}
  m_GameObject: {fileID: 5050806391017761196}
  m_Enabled: 1
  m_Avatar: {fileID: 9000000, guid: 7164b8ce1a1b902409dae4fd3f5ea199, type: 3}
  m_Controller: {fileID: 9100000, guid: 81592b838bc9dae429e86a79ddcdd4a7, type: 2}
  m_CullingMode: 1
  m_UpdateMode: 0
  m_ApplyRootMotion: 0
  m_LinearVelocityBlending: 0
  m_WarningMessage: 
  m_HasTransformHierarchy: 1
  m_AllowConstantClipSamplingOptimization: 1
  m_KeepAnimatorControllerStateOnDisable: 0
--- !u!1 &5156003665089439034
GameObject:
  m_ObjectHideFlags: 0
  m_CorrespondingSourceObject: {fileID: 0}
  m_PrefabInstance: {fileID: 0}
  m_PrefabAsset: {fileID: 0}
  serializedVersion: 6
  m_Component:
  - component: {fileID: 372980593593294224}
  m_Layer: 0
  m_Name: fish fin bones 55
  m_TagString: Untagged
  m_Icon: {fileID: 0}
  m_NavMeshLayer: 0
  m_StaticEditorFlags: 0
  m_IsActive: 1
--- !u!4 &372980593593294224
Transform:
  m_ObjectHideFlags: 0
  m_CorrespondingSourceObject: {fileID: 0}
  m_PrefabInstance: {fileID: 0}
  m_PrefabAsset: {fileID: 0}
  m_GameObject: {fileID: 5156003665089439034}
  m_LocalRotation: {x: -0.76270455, y: 0.04714014, z: -0.05695693, w: 0.64250726}
  m_LocalPosition: {x: -0.097435914, y: 0.000003100586, z: 0.000001550293}
  m_LocalScale: {x: 1.0000001, y: 1.0000001, z: 1}
  m_Children:
  - {fileID: 3887002175889423237}
  m_Father: {fileID: 3050604109767939160}
  m_RootOrder: 0
  m_LocalEulerAnglesHint: {x: 0, y: 0, z: 0}
--- !u!1 &5216808473616938714
GameObject:
  m_ObjectHideFlags: 0
  m_CorrespondingSourceObject: {fileID: 0}
  m_PrefabInstance: {fileID: 0}
  m_PrefabAsset: {fileID: 0}
  serializedVersion: 6
  m_Component:
  - component: {fileID: 3207418132695806342}
  m_Layer: 0
  m_Name: fish fin bones 5
  m_TagString: Untagged
  m_Icon: {fileID: 0}
  m_NavMeshLayer: 0
  m_StaticEditorFlags: 0
  m_IsActive: 1
--- !u!4 &3207418132695806342
Transform:
  m_ObjectHideFlags: 0
  m_CorrespondingSourceObject: {fileID: 0}
  m_PrefabInstance: {fileID: 0}
  m_PrefabAsset: {fileID: 0}
  m_GameObject: {fileID: 5216808473616938714}
  m_LocalRotation: {x: -0.09085602, y: 0.39684632, z: -0.06417166, w: 0.9111203}
  m_LocalPosition: {x: -0.13537778, y: 0.015985847, z: 0.19727837}
  m_LocalScale: {x: 1, y: 1.0000004, z: 1.0000004}
  m_Children:
  - {fileID: 9062612208106112750}
  m_Father: {fileID: 971247782037885956}
  m_RootOrder: 1
  m_LocalEulerAnglesHint: {x: 0, y: 0, z: 0}
--- !u!1 &5437739119633024500
GameObject:
  m_ObjectHideFlags: 0
  m_CorrespondingSourceObject: {fileID: 0}
  m_PrefabInstance: {fileID: 0}
  m_PrefabAsset: {fileID: 0}
  serializedVersion: 6
  m_Component:
  - component: {fileID: 2110402144092740072}
  m_Layer: 0
  m_Name: fish fin bones 26
  m_TagString: Untagged
  m_Icon: {fileID: 0}
  m_NavMeshLayer: 0
  m_StaticEditorFlags: 0
  m_IsActive: 1
--- !u!4 &2110402144092740072
Transform:
  m_ObjectHideFlags: 0
  m_CorrespondingSourceObject: {fileID: 0}
  m_PrefabInstance: {fileID: 0}
  m_PrefabAsset: {fileID: 0}
  m_GameObject: {fileID: 5437739119633024500}
  m_LocalRotation: {x: -0.03854617, y: -0.3396589, z: 0.93860763, w: 0.046494447}
  m_LocalPosition: {x: -0.084867686, y: -0.000006201172, z: -0.000001550293}
  m_LocalScale: {x: 0.9999998, y: 0.99999994, z: 1}
  m_Children: []
  m_Father: {fileID: 3511871778934260690}
  m_RootOrder: 0
  m_LocalEulerAnglesHint: {x: 0, y: 0, z: 0}
--- !u!1 &5651953703182228008
GameObject:
  m_ObjectHideFlags: 0
  m_CorrespondingSourceObject: {fileID: 0}
  m_PrefabInstance: {fileID: 0}
  m_PrefabAsset: {fileID: 0}
  serializedVersion: 6
  m_Component:
  - component: {fileID: 8561108534324283431}
  m_Layer: 0
  m_Name: fish back bones07
  m_TagString: Untagged
  m_Icon: {fileID: 0}
  m_NavMeshLayer: 0
  m_StaticEditorFlags: 0
  m_IsActive: 1
--- !u!4 &8561108534324283431
Transform:
  m_ObjectHideFlags: 0
  m_CorrespondingSourceObject: {fileID: 0}
  m_PrefabInstance: {fileID: 0}
  m_PrefabAsset: {fileID: 0}
  m_GameObject: {fileID: 5651953703182228008}
  m_LocalRotation: {x: 0.00041117886, y: -0.103599176, z: 0.0028193372, w: 0.994615}
  m_LocalPosition: {x: -0.1317842, y: -0.000003100586, z: -0.00000038757324}
  m_LocalScale: {x: 0.9999999, y: 0.9999999, z: 1}
  m_Children:
  - {fileID: 7938132610779126942}
  m_Father: {fileID: 7079992997745400713}
  m_RootOrder: 0
  m_LocalEulerAnglesHint: {x: 0, y: 0, z: 0}
--- !u!1 &5694907283475896156
GameObject:
  m_ObjectHideFlags: 0
  m_CorrespondingSourceObject: {fileID: 0}
  m_PrefabInstance: {fileID: 0}
  m_PrefabAsset: {fileID: 0}
  serializedVersion: 6
  m_Component:
  - component: {fileID: 5483561138468813375}
  m_Layer: 0
  m_Name: fish fin bones 17
  m_TagString: Untagged
  m_Icon: {fileID: 0}
  m_NavMeshLayer: 0
  m_StaticEditorFlags: 0
  m_IsActive: 1
--- !u!4 &5483561138468813375
Transform:
  m_ObjectHideFlags: 0
  m_CorrespondingSourceObject: {fileID: 0}
  m_PrefabInstance: {fileID: 0}
  m_PrefabAsset: {fileID: 0}
  m_GameObject: {fileID: 5694907283475896156}
  m_LocalRotation: {x: 0.057598155, y: -0.3009834, z: 0.84924895, w: -0.4299624}
  m_LocalPosition: {x: -0.10877165, y: -0.000009301758, z: -0.0000023254395}
  m_LocalScale: {x: 0.9999998, y: 0.99999994, z: 1}
  m_Children: []
  m_Father: {fileID: 698740293748444032}
  m_RootOrder: 0
  m_LocalEulerAnglesHint: {x: 0, y: 0, z: 0}
--- !u!1 &5887411710872314901
GameObject:
  m_ObjectHideFlags: 0
  m_CorrespondingSourceObject: {fileID: 0}
  m_PrefabInstance: {fileID: 0}
  m_PrefabAsset: {fileID: 0}
  serializedVersion: 6
  m_Component:
  - component: {fileID: 5705163033738119155}
  m_Layer: 0
  m_Name: fish fin bones 38
  m_TagString: Untagged
  m_Icon: {fileID: 0}
  m_NavMeshLayer: 0
  m_StaticEditorFlags: 0
  m_IsActive: 1
--- !u!4 &5705163033738119155
Transform:
  m_ObjectHideFlags: 0
  m_CorrespondingSourceObject: {fileID: 0}
  m_PrefabInstance: {fileID: 0}
  m_PrefabAsset: {fileID: 0}
  m_GameObject: {fileID: 5887411710872314901}
  m_LocalRotation: {x: 0.099255726, y: 0.0013598852, z: 0.011254465, w: 0.9949974}
  m_LocalPosition: {x: -0.015078149, y: -0.0000007751465, z: 0.000001550293}
  m_LocalScale: {x: 0.9999998, y: 0.99999994, z: 1}
  m_Children: []
  m_Father: {fileID: 1707953198245946753}
  m_RootOrder: 0
  m_LocalEulerAnglesHint: {x: 0, y: 0, z: 0}
--- !u!1 &5911463655204781864
GameObject:
  m_ObjectHideFlags: 0
  m_CorrespondingSourceObject: {fileID: 0}
  m_PrefabInstance: {fileID: 0}
  m_PrefabAsset: {fileID: 0}
  serializedVersion: 6
  m_Component:
  - component: {fileID: 4716614665261137643}
  m_Layer: 0
  m_Name: fish fin bones 21
  m_TagString: Untagged
  m_Icon: {fileID: 0}
  m_NavMeshLayer: 0
  m_StaticEditorFlags: 0
  m_IsActive: 1
--- !u!4 &4716614665261137643
Transform:
  m_ObjectHideFlags: 0
  m_CorrespondingSourceObject: {fileID: 0}
  m_PrefabInstance: {fileID: 0}
  m_PrefabAsset: {fileID: 0}
  m_GameObject: {fileID: 5911463655204781864}
  m_LocalRotation: {x: -0.0036969648, y: -0.30064973, z: -0.0018303025, w: 0.95372576}
  m_LocalPosition: {x: -0.02052898, y: 0.007481714, z: -0.17594236}
  m_LocalScale: {x: 1.0000002, y: 1.0000004, z: 0.9999999}
  m_Children:
  - {fileID: 860141754132846705}
  m_Father: {fileID: 8415504035746271852}
  m_RootOrder: 4
  m_LocalEulerAnglesHint: {x: 0, y: 0, z: 0}
--- !u!1 &5988045853787900139
GameObject:
  m_ObjectHideFlags: 0
  m_CorrespondingSourceObject: {fileID: 0}
  m_PrefabInstance: {fileID: 0}
  m_PrefabAsset: {fileID: 0}
  serializedVersion: 6
  m_Component:
  - component: {fileID: 1414021589264599670}
  m_Layer: 0
  m_Name: fish fin bones 29
  m_TagString: Untagged
  m_Icon: {fileID: 0}
  m_NavMeshLayer: 0
  m_StaticEditorFlags: 0
  m_IsActive: 1
--- !u!4 &1414021589264599670
Transform:
  m_ObjectHideFlags: 0
  m_CorrespondingSourceObject: {fileID: 0}
  m_PrefabInstance: {fileID: 0}
  m_PrefabAsset: {fileID: 0}
  m_GameObject: {fileID: 5988045853787900139}
  m_LocalRotation: {x: -0.79543865, y: 0.053017497, z: -0.06691107, w: 0.59999126}
  m_LocalPosition: {x: -0.08007883, y: 0.000003100586, z: 0.000001550293}
  m_LocalScale: {x: 1.0000001, y: 1.0000001, z: 1}
  m_Children:
  - {fileID: 4400553038382468841}
  m_Father: {fileID: 754802427372102587}
  m_RootOrder: 0
  m_LocalEulerAnglesHint: {x: 0, y: 0, z: 0}
--- !u!1 &6112148550770380330
GameObject:
  m_ObjectHideFlags: 0
  m_CorrespondingSourceObject: {fileID: 0}
  m_PrefabInstance: {fileID: 0}
  m_PrefabAsset: {fileID: 0}
  serializedVersion: 6
  m_Component:
  - component: {fileID: 1927776201000880513}
  m_Layer: 0
  m_Name: fish fin bones 48
  m_TagString: Untagged
  m_Icon: {fileID: 0}
  m_NavMeshLayer: 0
  m_StaticEditorFlags: 0
  m_IsActive: 1
--- !u!4 &1927776201000880513
Transform:
  m_ObjectHideFlags: 0
  m_CorrespondingSourceObject: {fileID: 0}
  m_PrefabInstance: {fileID: 0}
  m_PrefabAsset: {fileID: 0}
  m_GameObject: {fileID: 6112148550770380330}
  m_LocalRotation: {x: 0.017498914, y: -0.07646593, z: 0.024804862, w: 0.99661}
  m_LocalPosition: {x: -0.03032063, y: 0.00867699, z: -0.059857585}
  m_LocalScale: {x: 0.9999997, y: 1.0000002, z: 1.0000001}
  m_Children:
  - {fileID: 3536788142573470193}
  m_Father: {fileID: 7938132610779126942}
  m_RootOrder: 6
  m_LocalEulerAnglesHint: {x: 0, y: 0, z: 0}
--- !u!1 &6177370096138160149
GameObject:
  m_ObjectHideFlags: 0
  m_CorrespondingSourceObject: {fileID: 0}
  m_PrefabInstance: {fileID: 0}
  m_PrefabAsset: {fileID: 0}
  serializedVersion: 6
  m_Component:
  - component: {fileID: 2616299722874281168}
  m_Layer: 0
  m_Name: fish fin bones 58
  m_TagString: Untagged
  m_Icon: {fileID: 0}
  m_NavMeshLayer: 0
  m_StaticEditorFlags: 0
  m_IsActive: 1
--- !u!4 &2616299722874281168
Transform:
  m_ObjectHideFlags: 0
  m_CorrespondingSourceObject: {fileID: 0}
  m_PrefabInstance: {fileID: 0}
  m_PrefabAsset: {fileID: 0}
  m_GameObject: {fileID: 6177370096138160149}
  m_LocalRotation: {x: -0.16371188, y: -0.03403345, z: 0.2521856, w: 0.95312256}
  m_LocalPosition: {x: -0.043643847, y: -0.0000023254395, z: -0.000003100586}
  m_LocalScale: {x: 0.9999998, y: 0.99999994, z: 1}
  m_Children: []
  m_Father: {fileID: 2112335051194499279}
  m_RootOrder: 0
  m_LocalEulerAnglesHint: {x: 0, y: 0, z: 0}
--- !u!1 &6239783603397746793
GameObject:
  m_ObjectHideFlags: 0
  m_CorrespondingSourceObject: {fileID: 0}
  m_PrefabInstance: {fileID: 0}
  m_PrefabAsset: {fileID: 0}
  serializedVersion: 6
  m_Component:
  - component: {fileID: 3511871778934260690}
  m_Layer: 0
  m_Name: fish fin bones 15
  m_TagString: Untagged
  m_Icon: {fileID: 0}
  m_NavMeshLayer: 0
  m_StaticEditorFlags: 0
  m_IsActive: 1
--- !u!4 &3511871778934260690
Transform:
  m_ObjectHideFlags: 0
  m_CorrespondingSourceObject: {fileID: 0}
  m_PrefabInstance: {fileID: 0}
  m_PrefabAsset: {fileID: 0}
  m_GameObject: {fileID: 6239783603397746793}
  m_LocalRotation: {x: -0.7382381, y: -0.00019575027, z: 0.010741039, w: 0.6744547}
  m_LocalPosition: {x: -0.14169833, y: 0.0000054260254, z: 0}
  m_LocalScale: {x: 1.0000001, y: 1.0000001, z: 1}
  m_Children:
  - {fileID: 2110402144092740072}
  m_Father: {fileID: 9069796393611058334}
  m_RootOrder: 0
  m_LocalEulerAnglesHint: {x: 0, y: 0, z: 0}
--- !u!1 &6252060113696476619
GameObject:
  m_ObjectHideFlags: 0
  m_CorrespondingSourceObject: {fileID: 0}
  m_PrefabInstance: {fileID: 0}
  m_PrefabAsset: {fileID: 0}
  serializedVersion: 6
  m_Component:
  - component: {fileID: 4466848942089783630}
  m_Layer: 0
  m_Name: fish fin bones 1
  m_TagString: Untagged
  m_Icon: {fileID: 0}
  m_NavMeshLayer: 0
  m_StaticEditorFlags: 0
  m_IsActive: 1
--- !u!4 &4466848942089783630
Transform:
  m_ObjectHideFlags: 0
  m_CorrespondingSourceObject: {fileID: 0}
  m_PrefabInstance: {fileID: 0}
  m_PrefabAsset: {fileID: 0}
  m_GameObject: {fileID: 6252060113696476619}
  m_LocalRotation: {x: 0.18805243, y: -0.4550781, z: -0.09300531, w: 0.86538446}
  m_LocalPosition: {x: -0.01211709, y: 0.12505282, z: -0.14254421}
  m_LocalScale: {x: 1.0000001, y: 1.0000002, z: 0.99999994}
  m_Children:
  - {fileID: 4154409331285173707}
  m_Father: {fileID: 8225177556888703819}
  m_RootOrder: 2
  m_LocalEulerAnglesHint: {x: 0, y: 0, z: 0}
--- !u!1 &6435079216957845022
GameObject:
  m_ObjectHideFlags: 0
  m_CorrespondingSourceObject: {fileID: 0}
  m_PrefabInstance: {fileID: 0}
  m_PrefabAsset: {fileID: 0}
  serializedVersion: 6
  m_Component:
  - component: {fileID: 4400553038382468841}
  m_Layer: 0
  m_Name: fish fin bones 40
  m_TagString: Untagged
  m_Icon: {fileID: 0}
  m_NavMeshLayer: 0
  m_StaticEditorFlags: 0
  m_IsActive: 1
--- !u!4 &4400553038382468841
Transform:
  m_ObjectHideFlags: 0
  m_CorrespondingSourceObject: {fileID: 0}
  m_PrefabInstance: {fileID: 0}
  m_PrefabAsset: {fileID: 0}
  m_GameObject: {fileID: 6435079216957845022}
  m_LocalRotation: {x: -0.012987248, y: -0.09271966, z: 0.4498726, w: 0.88817173}
  m_LocalPosition: {x: -0.010157519, y: -0.000001550293, z: 0}
  m_LocalScale: {x: 0.9999998, y: 0.99999994, z: 1}
  m_Children: []
  m_Father: {fileID: 1414021589264599670}
  m_RootOrder: 0
  m_LocalEulerAnglesHint: {x: 0, y: 0, z: 0}
--- !u!1 &6537709331654187855
GameObject:
  m_ObjectHideFlags: 0
  m_CorrespondingSourceObject: {fileID: 0}
  m_PrefabInstance: {fileID: 0}
  m_PrefabAsset: {fileID: 0}
  serializedVersion: 6
  m_Component:
  - component: {fileID: 4154409331285173707}
  m_Layer: 0
  m_Name: fish fin bones 3
  m_TagString: Untagged
  m_Icon: {fileID: 0}
  m_NavMeshLayer: 0
  m_StaticEditorFlags: 0
  m_IsActive: 1
--- !u!4 &4154409331285173707
Transform:
  m_ObjectHideFlags: 0
  m_CorrespondingSourceObject: {fileID: 0}
  m_PrefabInstance: {fileID: 0}
  m_PrefabAsset: {fileID: 0}
  m_GameObject: {fileID: 6537709331654187855}
  m_LocalRotation: {x: 0.83685344, y: -0.24367252, z: -0.086500056, w: -0.48251197}
  m_LocalPosition: {x: -0.1235878, y: 0.0000038757325, z: 0}
  m_LocalScale: {x: 1.0000001, y: 1.0000001, z: 1}
  m_Children:
  - {fileID: 6427232959369037045}
  m_Father: {fileID: 4466848942089783630}
  m_RootOrder: 0
  m_LocalEulerAnglesHint: {x: 0, y: 0, z: 0}
--- !u!1 &6550630524147979932
GameObject:
  m_ObjectHideFlags: 0
  m_CorrespondingSourceObject: {fileID: 0}
  m_PrefabInstance: {fileID: 0}
  m_PrefabAsset: {fileID: 0}
  serializedVersion: 6
  m_Component:
  - component: {fileID: 5512956370908930498}
  m_Layer: 0
  m_Name: fish fin bones 57
  m_TagString: Untagged
  m_Icon: {fileID: 0}
  m_NavMeshLayer: 0
  m_StaticEditorFlags: 0
  m_IsActive: 1
--- !u!4 &5512956370908930498
Transform:
  m_ObjectHideFlags: 0
  m_CorrespondingSourceObject: {fileID: 0}
  m_PrefabInstance: {fileID: 0}
  m_PrefabAsset: {fileID: 0}
  m_GameObject: {fileID: 6550630524147979932}
  m_LocalRotation: {x: -0.8075607, y: 0.23673837, z: -0.15241286, w: 0.5182384}
  m_LocalPosition: {x: -0.15378906, y: 0.000006201172, z: 0.000003100586}
  m_LocalScale: {x: 1.0000001, y: 1.0000001, z: 1}
  m_Children:
  - {fileID: 8965835605131919769}
  m_Father: {fileID: 3264224167959595526}
  m_RootOrder: 0
  m_LocalEulerAnglesHint: {x: 0, y: 0, z: 0}
--- !u!1 &6650182886229984025
GameObject:
  m_ObjectHideFlags: 0
  m_CorrespondingSourceObject: {fileID: 0}
  m_PrefabInstance: {fileID: 0}
  m_PrefabAsset: {fileID: 0}
  serializedVersion: 6
  m_Component:
  - component: {fileID: 3988497143169929018}
  m_Layer: 0
  m_Name: fish fin bones 4
  m_TagString: Untagged
  m_Icon: {fileID: 0}
  m_NavMeshLayer: 0
  m_StaticEditorFlags: 0
  m_IsActive: 1
--- !u!4 &3988497143169929018
Transform:
  m_ObjectHideFlags: 0
  m_CorrespondingSourceObject: {fileID: 0}
  m_PrefabInstance: {fileID: 0}
  m_PrefabAsset: {fileID: 0}
  m_GameObject: {fileID: 6650182886229984025}
  m_LocalRotation: {x: 0.93813545, y: 0.05308431, z: -0.256142, w: -0.22688182}
  m_LocalPosition: {x: -0.11788428, y: 0.000004650879, z: 0}
  m_LocalScale: {x: 1.0000001, y: 1.0000001, z: 1}
  m_Children:
  - {fileID: 2278578906928228671}
  m_Father: {fileID: 1373338154890072965}
  m_RootOrder: 0
  m_LocalEulerAnglesHint: {x: 0, y: 0, z: 0}
--- !u!1 &6807864742348086593
GameObject:
  m_ObjectHideFlags: 0
  m_CorrespondingSourceObject: {fileID: 0}
  m_PrefabInstance: {fileID: 0}
  m_PrefabAsset: {fileID: 0}
  serializedVersion: 6
  m_Component:
  - component: {fileID: 8870661899975204233}
  m_Layer: 0
  m_Name: fish fin bones 6
  m_TagString: Untagged
  m_Icon: {fileID: 0}
  m_NavMeshLayer: 0
  m_StaticEditorFlags: 0
  m_IsActive: 1
--- !u!4 &8870661899975204233
Transform:
  m_ObjectHideFlags: 0
  m_CorrespondingSourceObject: {fileID: 0}
  m_PrefabInstance: {fileID: 0}
  m_PrefabAsset: {fileID: 0}
  m_GameObject: {fileID: 6807864742348086593}
  m_LocalRotation: {x: 0.049369507, y: 0.34510422, z: -0.2629898, w: 0.8996122}
  m_LocalPosition: {x: -0.23619333, y: 0.0074104, z: 0.19666861}
  m_LocalScale: {x: 1.0000004, y: 1, z: 0.9999998}
  m_Children:
  - {fileID: 5233766686322355507}
  m_Father: {fileID: 971247782037885956}
  m_RootOrder: 2
  m_LocalEulerAnglesHint: {x: 0, y: 0, z: 0}
--- !u!1 &6832943296360826574
GameObject:
  m_ObjectHideFlags: 0
  m_CorrespondingSourceObject: {fileID: 0}
  m_PrefabInstance: {fileID: 0}
  m_PrefabAsset: {fileID: 0}
  serializedVersion: 6
  m_Component:
  - component: {fileID: 4312461508001707431}
  m_Layer: 0
  m_Name: fish back bones04
  m_TagString: Untagged
  m_Icon: {fileID: 0}
  m_NavMeshLayer: 0
  m_StaticEditorFlags: 0
  m_IsActive: 1
--- !u!4 &4312461508001707431
Transform:
  m_ObjectHideFlags: 0
  m_CorrespondingSourceObject: {fileID: 0}
  m_PrefabInstance: {fileID: 0}
  m_PrefabAsset: {fileID: 0}
  m_GameObject: {fileID: 6832943296360826574}
  m_LocalRotation: {x: 0.0033658314, y: -0.0011476413, z: -0.021270372, w: 0.9997674}
  m_LocalPosition: {x: -0.24994154, y: -0.000009308436, z: -6.388279e-10}
  m_LocalScale: {x: 0.99999994, y: 0.99999994, z: 1}
  m_Children:
  - {fileID: 8415504035746271852}
  - {fileID: 2472146145521845137}
  m_Father: {fileID: 971247782037885956}
  m_RootOrder: 0
  m_LocalEulerAnglesHint: {x: 0, y: 0, z: 0}
--- !u!1 &6838102334455604780
GameObject:
  m_ObjectHideFlags: 0
  m_CorrespondingSourceObject: {fileID: 0}
  m_PrefabInstance: {fileID: 0}
  m_PrefabAsset: {fileID: 0}
  serializedVersion: 6
  m_Component:
  - component: {fileID: 4116893973401591909}
  m_Layer: 0
  m_Name: fish fin bones 53
  m_TagString: Untagged
  m_Icon: {fileID: 0}
  m_NavMeshLayer: 0
  m_StaticEditorFlags: 0
  m_IsActive: 1
--- !u!4 &4116893973401591909
Transform:
  m_ObjectHideFlags: 0
  m_CorrespondingSourceObject: {fileID: 0}
  m_PrefabInstance: {fileID: 0}
  m_PrefabAsset: {fileID: 0}
  m_GameObject: {fileID: 6838102334455604780}
  m_LocalRotation: {x: -0.75345063, y: 0.044306092, z: -0.055915285, w: 0.6536227}
  m_LocalPosition: {x: -0.097435914, y: 0.000001550293, z: 0.000001550293}
  m_LocalScale: {x: 1.0000001, y: 1.0000001, z: 1}
  m_Children:
  - {fileID: 6899387255755572039}
  m_Father: {fileID: 1400788276623166297}
  m_RootOrder: 0
  m_LocalEulerAnglesHint: {x: 0, y: 0, z: 0}
--- !u!1 &6965659505555879817
GameObject:
  m_ObjectHideFlags: 0
  m_CorrespondingSourceObject: {fileID: 0}
  m_PrefabInstance: {fileID: 0}
  m_PrefabAsset: {fileID: 0}
  serializedVersion: 6
  m_Component:
  - component: {fileID: 8965835605131919769}
  m_Layer: 0
  m_Name: fish fin bones 64
  m_TagString: Untagged
  m_Icon: {fileID: 0}
  m_NavMeshLayer: 0
  m_StaticEditorFlags: 0
  m_IsActive: 1
--- !u!4 &8965835605131919769
Transform:
  m_ObjectHideFlags: 0
  m_CorrespondingSourceObject: {fileID: 0}
  m_PrefabInstance: {fileID: 0}
  m_PrefabAsset: {fileID: 0}
  m_GameObject: {fileID: 6965659505555879817}
  m_LocalRotation: {x: -0.115701035, y: -0.11598637, z: -0.02443209, w: 0.9861864}
  m_LocalPosition: {x: -0.035791613, y: -0.0000023254395, z: -0.000003100586}
  m_LocalScale: {x: 0.9999998, y: 0.99999994, z: 1}
  m_Children: []
  m_Father: {fileID: 5512956370908930498}
  m_RootOrder: 0
  m_LocalEulerAnglesHint: {x: 0, y: 0, z: 0}
--- !u!1 &6980260364383684661
GameObject:
  m_ObjectHideFlags: 0
  m_CorrespondingSourceObject: {fileID: 0}
  m_PrefabInstance: {fileID: 0}
  m_PrefabAsset: {fileID: 0}
  serializedVersion: 6
  m_Component:
  - component: {fileID: 6157615688557244470}
  m_Layer: 0
  m_Name: fish fin bones 28
  m_TagString: Untagged
  m_Icon: {fileID: 0}
  m_NavMeshLayer: 0
  m_StaticEditorFlags: 0
  m_IsActive: 1
--- !u!4 &6157615688557244470
Transform:
  m_ObjectHideFlags: 0
  m_CorrespondingSourceObject: {fileID: 0}
  m_PrefabInstance: {fileID: 0}
  m_PrefabAsset: {fileID: 0}
  m_GameObject: {fileID: 6980260364383684661}
  m_LocalRotation: {x: -0.10392479, y: -0.29693177, z: 0.9474112, w: 0.058678985}
  m_LocalPosition: {x: -0.02481399, y: -0.000001550293, z: -0.000001550293}
  m_LocalScale: {x: 0.9999998, y: 0.99999994, z: 1}
  m_Children: []
  m_Father: {fileID: 5233766686322355507}
  m_RootOrder: 0
  m_LocalEulerAnglesHint: {x: 0, y: 0, z: 0}
--- !u!1 &7025315899271260906
GameObject:
  m_ObjectHideFlags: 0
  m_CorrespondingSourceObject: {fileID: 0}
  m_PrefabInstance: {fileID: 0}
  m_PrefabAsset: {fileID: 0}
  serializedVersion: 6
  m_Component:
  - component: {fileID: 4137129015330706236}
  m_Layer: 0
  m_Name: fish fin bones 19
  m_TagString: Untagged
  m_Icon: {fileID: 0}
  m_NavMeshLayer: 0
  m_StaticEditorFlags: 0
  m_IsActive: 1
--- !u!4 &4137129015330706236
Transform:
  m_ObjectHideFlags: 0
  m_CorrespondingSourceObject: {fileID: 0}
  m_PrefabInstance: {fileID: 0}
  m_PrefabAsset: {fileID: 0}
  m_GameObject: {fileID: 7025315899271260906}
  m_LocalRotation: {x: -0.003864486, y: -0.21164484, z: -0.0011296927, w: 0.9773384}
  m_LocalPosition: {x: -0.11295434, y: 0.007846032, z: -0.13823575}
  m_LocalScale: {x: 1.0000001, y: 1.0000005, z: 1.0000004}
  m_Children:
  - {fileID: 3330144753524935100}
  m_Father: {fileID: 8415504035746271852}
  m_RootOrder: 2
  m_LocalEulerAnglesHint: {x: 0, y: 0, z: 0}
--- !u!1 &7754440285933470594
GameObject:
  m_ObjectHideFlags: 0
  m_CorrespondingSourceObject: {fileID: 0}
  m_PrefabInstance: {fileID: 0}
  m_PrefabAsset: {fileID: 0}
  serializedVersion: 6
  m_Component:
  - component: {fileID: 3887002175889423237}
  m_Layer: 0
  m_Name: fish fin bones 62
  m_TagString: Untagged
  m_Icon: {fileID: 0}
  m_NavMeshLayer: 0
  m_StaticEditorFlags: 0
  m_IsActive: 1
--- !u!4 &3887002175889423237
Transform:
  m_ObjectHideFlags: 0
  m_CorrespondingSourceObject: {fileID: 0}
  m_PrefabInstance: {fileID: 0}
  m_PrefabAsset: {fileID: 0}
  m_GameObject: {fileID: 7754440285933470594}
  m_LocalRotation: {x: 0.0014083752, y: -0.16455132, z: 0.73489356, w: 0.6579152}
  m_LocalPosition: {x: -0.027948681, y: -0.0000014533996, z: 0}
  m_LocalScale: {x: 0.9999998, y: 0.99999994, z: 1}
  m_Children: []
  m_Father: {fileID: 372980593593294224}
  m_RootOrder: 0
  m_LocalEulerAnglesHint: {x: 0, y: 0, z: 0}
--- !u!1 &8567324736162321220
GameObject:
  m_ObjectHideFlags: 0
  m_CorrespondingSourceObject: {fileID: 0}
  m_PrefabInstance: {fileID: 0}
  m_PrefabAsset: {fileID: 0}
  serializedVersion: 6
  m_Component:
  - component: {fileID: 4317114088390847698}
  m_Layer: 0
  m_Name: fish fin bones 37
  m_TagString: Untagged
  m_Icon: {fileID: 0}
  m_NavMeshLayer: 0
  m_StaticEditorFlags: 0
  m_IsActive: 1
--- !u!4 &4317114088390847698
Transform:
  m_ObjectHideFlags: 0
  m_CorrespondingSourceObject: {fileID: 0}
  m_PrefabInstance: {fileID: 0}
  m_PrefabAsset: {fileID: 0}
  m_GameObject: {fileID: 8567324736162321220}
  m_LocalRotation: {x: -0.094670385, y: 0.26405886, z: -0.72048223, w: 0.63420486}
  m_LocalPosition: {x: -0.07644185, y: -0.000004650879, z: 0}
  m_LocalScale: {x: 0.9999998, y: 0.99999994, z: 1}
  m_Children: []
  m_Father: {fileID: 1825820619653853812}
  m_RootOrder: 0
  m_LocalEulerAnglesHint: {x: 0, y: 0, z: 0}
--- !u!1 &8567468020798851400
GameObject:
  m_ObjectHideFlags: 0
  m_CorrespondingSourceObject: {fileID: 0}
  m_PrefabInstance: {fileID: 0}
  m_PrefabAsset: {fileID: 0}
  serializedVersion: 6
  m_Component:
  - component: {fileID: 971247782037885956}
  m_Layer: 0
  m_Name: fish back bones03
  m_TagString: Untagged
  m_Icon: {fileID: 0}
  m_NavMeshLayer: 0
  m_StaticEditorFlags: 0
  m_IsActive: 1
--- !u!4 &971247782037885956
Transform:
  m_ObjectHideFlags: 0
  m_CorrespondingSourceObject: {fileID: 0}
  m_PrefabInstance: {fileID: 0}
  m_PrefabAsset: {fileID: 0}
  m_GameObject: {fileID: 8567468020798851400}
  m_LocalRotation: {x: 0.00914955, y: 0.008313941, z: -0.035373714, w: 0.99929774}
  m_LocalPosition: {x: -0.23195165, y: 0.000009300717, z: -1.7646402e-11}
  m_LocalScale: {x: 1.0000001, y: 1.0000001, z: 1}
  m_Children:
  - {fileID: 4312461508001707431}
  - {fileID: 3207418132695806342}
  - {fileID: 8870661899975204233}
  - {fileID: 9069796393611058334}
  - {fileID: 5827634096842405142}
  m_Father: {fileID: 1958764005949699247}
  m_RootOrder: 0
  m_LocalEulerAnglesHint: {x: 0, y: 0, z: 0}
--- !u!1 &9024990389313596138
GameObject:
  m_ObjectHideFlags: 0
  m_CorrespondingSourceObject: {fileID: 0}
  m_PrefabInstance: {fileID: 0}
  m_PrefabAsset: {fileID: 0}
  serializedVersion: 6
  m_Component:
  - component: {fileID: 754802427372102587}
  m_Layer: 0
  m_Name: fish fin bones 18
  m_TagString: Untagged
  m_Icon: {fileID: 0}
  m_NavMeshLayer: 0
  m_StaticEditorFlags: 0
  m_IsActive: 1
--- !u!4 &754802427372102587
Transform:
  m_ObjectHideFlags: 0
  m_CorrespondingSourceObject: {fileID: 0}
  m_PrefabInstance: {fileID: 0}
  m_PrefabAsset: {fileID: 0}
  m_GameObject: {fileID: 9024990389313596138}
  m_LocalRotation: {x: -0.0037510956, y: 0.32246804, z: 0.013986596, w: 0.9464696}
  m_LocalPosition: {x: -0.14375867, y: 0.007968506, z: 0.14387417}
  m_LocalScale: {x: 1.0000002, y: 1.0000004, z: 1}
  m_Children:
  - {fileID: 1414021589264599670}
  m_Father: {fileID: 8415504035746271852}
  m_RootOrder: 1
  m_LocalEulerAnglesHint: {x: 0, y: 0, z: 0}
--- !u!1 &9070747369858221843
GameObject:
  m_ObjectHideFlags: 0
  m_CorrespondingSourceObject: {fileID: 0}
  m_PrefabInstance: {fileID: 0}
  m_PrefabAsset: {fileID: 0}
  serializedVersion: 6
  m_Component:
  - component: {fileID: 3498526859437969181}
  m_Layer: 0
  m_Name: fish fin bones 59
  m_TagString: Untagged
  m_Icon: {fileID: 0}
  m_NavMeshLayer: 0
  m_StaticEditorFlags: 0
  m_IsActive: 1
--- !u!4 &3498526859437969181
Transform:
  m_ObjectHideFlags: 0
  m_CorrespondingSourceObject: {fileID: 0}
  m_PrefabInstance: {fileID: 0}
  m_PrefabAsset: {fileID: 0}
  m_GameObject: {fileID: 9070747369858221843}
  m_LocalRotation: {x: -0.122421905, y: -0.08208698, z: 0.52060485, w: 0.8409787}
  m_LocalPosition: {x: -0.02794558, y: -0.0000017440796, z: 0.000001550293}
  m_LocalScale: {x: 0.9999998, y: 0.99999994, z: 1}
  m_Children: []
  m_Father: {fileID: 3945757690690931000}
  m_RootOrder: 0
  m_LocalEulerAnglesHint: {x: 0, y: 0, z: 0}
--- !u!1 &9188066808160827545
GameObject:
  m_ObjectHideFlags: 0
  m_CorrespondingSourceObject: {fileID: 0}
  m_PrefabInstance: {fileID: 0}
  m_PrefabAsset: {fileID: 0}
  serializedVersion: 6
  m_Component:
  - component: {fileID: 2109584758333466919}
  m_Layer: 0
  m_Name: fish fin bones 27
  m_TagString: Untagged
  m_Icon: {fileID: 0}
  m_NavMeshLayer: 0
  m_StaticEditorFlags: 0
  m_IsActive: 1
--- !u!4 &2109584758333466919
Transform:
  m_ObjectHideFlags: 0
  m_CorrespondingSourceObject: {fileID: 0}
  m_PrefabInstance: {fileID: 0}
  m_PrefabAsset: {fileID: 0}
  m_GameObject: {fileID: 9188066808160827545}
  m_LocalRotation: {x: 0.04407277, y: -0.26116967, z: 0.9374028, w: 0.22610623}
  m_LocalPosition: {x: -0.07427764, y: -0.0000054260254, z: 0}
  m_LocalScale: {x: 0.9999998, y: 0.99999994, z: 1}
  m_Children: []
  m_Father: {fileID: 5055687035183201807}
  m_RootOrder: 0
  m_LocalEulerAnglesHint: {x: 0, y: 0, z: 0}
